1776 3330
49 379 127 468 ¹aon
264 411 296 463 n.
316 411 472 464 lunser
492 410 687 466 sanasse

136 533 231 571 eurr.
243 518 382 585 Rapienda
392 517 473 569 rebus
483 518 509 568 in
521 517 599 568 malis
610 533 744 587 praeceps
755 520 797 570 ria
805 523 849 569 est

74 589 125 640 155
134 602 234 641 nura.
245 589 281 639 At
289 596 318 639 te
328 586 452 639 reflectat
462 588 584 654 coniugis
596 603 695 640 nornen
707 604 817 640 sacrum.

136 671 234 709 eurr.
246 659 349 710 Decem
359 672 408 725 per
418 672 503 708 annos
518 658 600 708 vidua
615 660 758 724 respiciam
774 653 859 709 virum¹

134 742 153 778 rs
160 742 178 778 u
185 741 236 778 rra
246 728 403 779 Meminisse
414 727 496 779 debes
506 725 608 778 sobolis
619 742 652 778 er
664 728 710 779 illo
719 735 789 780 tune.
831 739 832 745 ¹

75 844 82 854 ,
138 811 235 848 eurr.
246 796 376 865 Equidem
388 802 417 848 et
426 797 530 864 iugales
542 795 613 848 tiliae
623 799 734 849 memini
744 797 820 858 iaces,

135 867 173 918 Et
183 882 311 935 generum
321 863 457 918 Achillem.
494 865 636 917 Praestitit
648 870 728 918 matri
741 865 823 919 iidem!

76 938 126 988 tou
137 951 156 986 rr
163 951 180 987 u
187 951 239 987 rra
249 935 374 988 Redemit
383 935 431 986 illa
440 935 534 987 classis
545 937 676 988 immotae
685 953 782 998 moras,

138 1008 175 1057 Et
187 1007 271 1057 maria
282 1007 359 1073 pigro
370 1004 426 1056 fixa
435 1005 566 1074 languore
576 1006 691 1073 impulit.

140 1090 236 1127 eurr.
247 1076 326 1144 Piget
337 1074 476 1144 doletque!
497 1075 649 1143 Tyndaris,
658 1076 728 1128 coeli
738 1091 821 1145 genos,

137 1146 263 1197 Lustrale
275 1145 352 1197 classi
368 1146 487 1196 Doricae
497 1147 592 1213 peperi
603 1146 699 1214 caput!

136 1216 260 1267 Reroirit
270 1216 374 1266 animus
384 1216 493 1283 virginis
505 1214 640 1267 thalamos
650 1231 735 1280 meae,

77 1283 127 1336 165
137 1285 212 1347 Quos
222 1285 267 1337 ille
277 1285 373 1353 dignos
384 1285 496 1353 Pelopia
505 1285 571 1337 iecit
581 1285 673 1350 domo,

138 1355 205 1406 Cum
216 1356 293 1408 stetit
303 1355 337 1405 ad
349 1369 410 1406 aras
423 1370 471 1406 ore
482 1356 607 1407 sacrifico
619 1362 698 1423 pater

138 1425 225 1487 Quam
238 1422 384 1493 nuptialesl
407 1425 520 1475 Horruit
531 1423 646 1478 Calchas
656 1441 722 1480 suae

136 1495 278 1562 Responsa
288 1496 363 1546 vocis
374 1503 403 1546 et
414 1494 572 1547 recedentes
584 1494 671 1549 focos.

86 1571 89 1575 “
138 1565 161 1615 0
173 1564 278 1617 scelera
288 1580 396 1631 semper
404 1563 552 1617 sceleribus
564 1566 674 1618 vincens
685 1560 785 1617 domus!

32 1638 37 1649 ’
77 1636 127 1688 tto
139 1636 242 1686 cruore
251 1640 346 1686 ventos
356 1635 483 1697 emimus,
493 1634 592 1686 hellum
603 1649 677 1687 nece.

136 1717 204 1755 nur
211 1718 237 1754 a
249 1700 303 1755 Sed
315 1702 375 1754 vela
385 1705 488 1771 pariter
499 1704 570 1771 mille
581 1704 705 1757 fecerunt
716 1711 790 1756 rates.

139 1787 179 1824 cr,
186 1786 236 1824 ru.
246 1770 307 1825 Non
318 1780 361 1826 est
370 1772 461 1825 soluta
472 1789 603 1842 prospero
614 1775 707 1827 classis
717 1774 776 1826 deo:

137 1844 226 1896 Eiccit
235 1841 308 1895 Aulis
318 1844 416 1912 impias
426 1851 508 1911 portu
518 1851 601 1896 rates.

138 1913 183 1966 Sic
194 1915 350 1982 auspicatus
358 1912 430 1966 bella
440 1929 493 1965 non
505 1914 600 1966 meiius
610 1916 688 1983 gerit.

76 1985 127 2037 1¹15
138 1985 235 2036 hmore
248 1991 345 2052 captae
357 1991 466 2052 captus,
478 1985 605 2036 immotus
617 1999 706 2052 prece.

138 2052 280 2108 Sminthea
288 2056 377 2106 tenuit
385 2053 472 2122 spolia
483 2053 604 2108 Phoebei
614 2057 694 2116 senis,

111 2136 113 2140 ⁴
136 2124 238 2176 Ardore
250 2138 345 2176 sacrae
353 2125 464 2193 virginis
473 2124 527 2175 iam
538 2130 594 2176 tum
606 2123 705 2177 iurem.

135 2192 196 2243 Non
207 2193 280 2245 illum
291 2192 406 2246 Achilles
418 2192 495 2245 flexit
503 2194 650 2246 indomitus
661 2196 748 2254 minis3

136 2262 198 2313 Non
208 2263 267 2326 ille,
279 2264 353 2316 solus
364 2262 419 2315 lats
431 2265 475 2332 qui
486 2264 576 2315 mundi
587 2264 670 2327 videt,

75 2332 126 2383 180
137 2333 167 2383 ln
179 2349 227 2385 nos
239 2333 325 2385 fidelis
336 2350 435 2403 augur,
446 2334 472 2385 in
484 2339 579 2401 captas
589 2333 670 2397 leris;

136 2401 197 2453 Non
207 2403 323 2471 populus
333 2418 429 2473 aeger,
440 2408 469 2454 et
479 2401 632 2455 relucentes
643 2404 714 2472 rogi:

136 2473 210 2524 lnter
220 2473 322 2525 mentis
335 2473 467 2527 Graeciae
477 2479 597 2542 stragem
608 2471 727 2525 ultimam

135 2540 199 2594 Sine
209 2539 289 2594 hoste
299 2543 386 2594 rictus
397 2548 501 2595 marcet
510 2557 543 2594 ae
556 2541 654 2594 Veneri
665 2548 752 2604 vacat,

135 2612 308 2680 Reparatque
320 2628 440 2678 smores;
450 2627 518 2665 neve
528 2612 653 2664 desertus
663 2610 734 2663 soret

74 2682 125 2734 185
137 2685 157 2733 Α
170 2680 264 2748 pellice
276 2696 392 2751 unquam
403 2682 522 2733 barbara
532 2682 641 2734 coelebs
652 2689 737 2740 torus,

133 2752 259 2804 Ablatam
270 2750 363 2802 Achilli
377 2751 465 2822 diligit
475 2750 651 2819 Lyrnessidm

135 2820 195 2877 Nec
207 2835 302 2889 rapere
314 2820 409 2889 puduit
419 2835 434 2871 e
444 2821 503 2871 sinu
515 2821 635 2873 anunm
644 2822 701 2874 riri.
714 2818 719 2830 '

133 2896 177 2955 En
189 2891 301 2951 Paridis
307 2890 432 2946 hostensi
446 2889 646 2949 Nummorum
657 2889 749 2940 volnus
762 2881 844 2951 germ!

134 2975 242 3029 Amore
251 2956 702 3040 Phrygiaenahainoenauatum
