1912 3338
149 449 377 525 ¹rruuuuuus
407 450 719 503 uerteretur.
741 455 772 502 u.
810 455 862 504 mr
942 438 944 443 ⁴

55 554 144 603 intret
154 553 293 603 medullae.
314 567 413 603 nura.
427 554 509 603 Ocius
522 554 733 623 insereremur,

55 623 183 682 ninnium
195 623 320 688 precibus
331 629 362 672 tu
373 623 453 672 deum
462 624 591 672 invictum
603 624 716 685 adem-a,
810 627 862 678 54⁰

56 694 109 752 Qui
121 700 198 742 certa
208 700 302 742 tenera
313 693 369 742 teia
379 692 490 741 dimittit
501 706 590 741 manu.

57 775 98 810 na
108 775 173 810 reu.
185 761 241 822 Te,
251 769 279 813 te
290 775 403 827 precor,
414 776 494 828 quem
504 761 652 811 mundaret
666 763 761 830 Superi
770 767 800 814 ti-

577 840 653 881 ment
710 880 712 884 Α

57 900 92 948 Et
103 913 219 966 aequor,
231 905 272 959 et,
286 900 330 965 qui
342 896 443 952 fulmen
453 900 601 950 Aetnaeum
614 904 712 968 quatis,

57 968 190 1018 'rimende
201 969 281 1018 matri
292 967 390 1036 teiiger
399 983 498 1020 saevae
509 984 590 1034 puer:
612 989 615 995 ¹

56 1037 169 1088 intende
181 1045 257 1089 certa
268 1037 400 1104 spiculum
412 1039 491 1089 relox
502 1052 592 1099 manu,
812 1039 863 1092 54⁵

57 1106 119 1157 Non
131 1121 146 1156 e
156 1108 264 1175 ragitm
275 1107 391 1170 laribua3
403 1122 418 1157 e
430 1123 556 1169 numero,
569 1122 675 1174 precor,

59 1176 194 1227 Graviore
206 1174 313 1243 profer,
325 1177 473 1244 quodtuae
484 1176 602 1228 nondum
613 1193 709 1229 manus

55 1245 157 1298 Misere
167 1247 194 1296 in
206 1246 335 1314 aliquem:
347 1261 399 1296 non
411 1245 464 1297 ieri
475 1246 529 1297 teio
541 1254 583 1296 est
595 1262 673 1314 opus,

55 1317 92 1367 Ut
102 1330 195 1368 amare
206 1316 294 1381 posuit
304 1315 445 1366 Hercules.
483 1316 593 1383 Rigidas
604 1331 698 1367 manus

54 1384 183 1448 intende,
194 1393 222 1436 et
235 1400 328 1436 arcum
340 1385 466 1435 cornibus
476 1386 575 1436 iunctis
587 1384 668 1450 para!
812 1388 862 1438 550

56 1455 149 1517 Nune,
160 1471 231 1505 nunc
242 1456 370 1505 sarittam
385 1469 491 1520 ptume,
505 1470 558 1522 qua
570 1455 707 1521 quondam
717 1454 845 1508 horridus

55 1527 148 1577 iorem
160 1525 264 1591 petisti,
274 1496 388 1575 iuimine
399 1524 505 1575 abiecto
517 1524 584 1575 deus

56 1597 124 1645 Cum
136 1592 226 1646 fronte
236 1593 326 1644 subito
339 1595 450 1656 tumuit,
460 1601 489 1645 et
499 1592 623 1661 rapidum
635 1610 710 1649 mare

57 1665 165 1715 Taurus
177 1664 282 1731 puellae
294 1670 388 1714 rector
398 1665 525 1731 Assyriae
536 1663 623 1715 ecidit

10 1762 19 1782 i,
54 1735 173 1785 Immitte
186 1732 319 1785 amorem!
340 1735 433 1784 rinc'et
443 1734 568 1801 exempla
578 1734 681 1785 omnia!
811 1735 862 1786 ⁵55

55 1807 152 1854 Amare
163 1803 251 1853 diseat
261 1803 416 1869 coniugem!
438 1802 467 1853 Si
479 1818 546 1870 quae
557 1803 642 1853 decor

53 1873 126 1925 ioies
136 1873 233 1922 inussit
243 1873 347 1937 pectori
361 1871 497 1921 iiercuieu
509 1870 594 1931 faces,

53 1943 192 2009 Extingue
204 1946 291 1990 totas:
303 1939 429 2005 perbibat
439 1938 561 1989 flammas
572 1940 634 1990 mei.

54 2014 98 2062 'i'u
109 2010 295 2061 fulminantem
306 2022 388 2074 saepe
400 2007 528 2058 domuiati
538 2008 638 2070 iovem,

53 2084 99 2131 Tu
109 2078 189 2129 furva
200 2078 269 2144 nigri
279 2085 388 2144 sceptra
399 2084 550 2144 gestantem
563 2077 628 2142 poii,
810 2079 863 2130 560

53 2149 165 2201 Turbae
176 2147 273 2198 ducem
283 2147 409 2206 maioris,
421 2153 449 2196 et
459 2146 596 2196 dominum
608 2144 715 2214 Stygis:

53 2221 166 2285 Tuque,
177 2230 193 2268 ο
204 2230 322 2266 noverea
332 2217 442 2283 gravior
452 2217 522 2266 irata
533 2216 609 2277 deus,

55 2293 128 2356 Cape
140 2284 212 2338 hune
224 2285 404 2352 triumphum,
415 2285 490 2336 eoiua
502 2294 530 2335 et
540 2287 617 2336 rinae
629 2282 789 2336 Herculemi

54 2376 70 2409 x
80 2372 156 2410 urii.
168 2355 281 2408 Prolata
291 2357 330 2405 ris
342 2364 398 2417 est,
410 2370 533 2423 quaeque
546 2354 667 2414 Paiiadia
679 2353 740 2406 eoiu

53 2428 181 2480 haeserit
191 2440 298 2477 omnem
310 2432 387 2477 terta
398 2424 556 2477 famularem
568 2440 685 2476 manum.
808 2422 861 2474 sm

54 2498 131 2562 Nunc
143 2501 307 2564 congeratur
318 2497 403 2557 virus,
414 2503 444 2546 ut
456 2495 538 2547 vestie
551 2495 627 2546 bibat

54 2566 190 2619 iiercuiee
201 2570 319 2634 pestem
331 2564 457 2632 precibus
469 2566 575 2634 augebo
587 2563 695 2614 maium.

54 2637 84 2688 in
96 2644 220 2704 ternpore
230 2635 290 2702 ipso
300 2649 404 2703 gnarus
416 2632 658 2687 occurritLiehar.
687 2637 691 2643 “

54 2706 174 2759 Ceianda
184 2705 224 2757 rie
237 2711 280 2755 eat
290 2705 362 2754 dira:
375 2721 408 2755 ne
420 2711 532 2772 pateant
542 2705 606 2755 doii.

54 2788 170 2828 uniar.
182 2775 220 2838 0,
232 2774 304 2842 quod
317 2774 451 2841 superbae
460 2769 798 2838 nonhabentunquamdu·
808 2838 867 2885 m

570 2857 640 2904 mua,

54 2914 147 2967 Fideie
159 2928 266 2980 semper
277 2914 386 2984 regibus
398 2928 496 2966 nomen
505 2952 512 2979 ‚
521 2910 629 2976 hieira,

53 2985 126 3049 Cape
135 2983 187 3034 lios
196 2986 327 3052 amictus,
339 2993 438 3039 nostra
450 3004 524 3058 quos
535 2988 619 3041 uerit
627 2992 748 3037 manum

662 3052 739 3105 ua
831 3064 833 3068 ·
