<?xml version="1.0" encoding="UTF-8"?>
<!DOCTYPE html PUBLIC "-//W3C//DTD XHTML 1.0 Transitional//EN"
    "http://www.w3.org/TR/xhtml1/DTD/xhtml1-transitional.dtd">
<html xmlns="http://www.w3.org/1999/xhtml" xml:lang="en" lang="en">
 <head>
  <title>
</title>
<meta http-equiv="Content-Type" content="text/html;charset=utf-8" />
  <meta name='ocr-system' content='tesseract 3.04.00' />
  <meta name='ocr-capabilities' content='ocr_page ocr_carea ocr_par ocr_line ocrx_word'/>
</head>
<body>
  <div class='ocr_page' id='page_1' title='image "./lannaeisenecaep00senegoog_0127.png"; bbox 0 0 1920 3278; ppageno 0'>
   <div class='ocr_carea' id='block_1_1' title="bbox 123 461 864 552">
    <p class='ocr_par' dir='ltr' id='par_1_1' title="bbox 123 461 864 552">
     <span class='ocr_line' id='line_1_1' title="bbox 123 461 864 552; baseline 0.031 -25"><span class='ocrx_word' id='word_1_1' title='bbox 123 461 286 530; x_wconf 72' lang='lat' dir='ltr'>&#39;norun</span> <span class='ocrx_word' id='word_1_2' title='bbox 305 478 581 542; x_wconf 71' lang='lat' dir='ltr'>quiescere.</span> <span class='ocrx_word' id='word_1_3' title='bbox 603 489 633 542; x_wconf 90' lang='lat' dir='ltr'>v.</span> <span class='ocrx_word' id='word_1_4' title='bbox 654 491 778 550; x_wconf 67' lang='lat' dir='ltr'>cneo.</span> <span class='ocrx_word' id='word_1_5' title='bbox 815 500 864 552; x_wconf 77' lang='lat' dir='ltr'>rrs</span> 
     </span>
    </p>
   </div>
   <div class='ocr_carea' id='block_1_2' title="bbox 59 603 886 2947">
    <p class='ocr_par' dir='ltr' id='par_1_2' title="bbox 59 603 866 880">
     <span class='ocr_line' id='line_1_2' title="bbox 59 603 865 677; baseline 0.011 -19"><span class='ocrx_word' id='word_1_6' title='bbox 59 611 170 666; x_wconf 81' lang='lat' dir='ltr'>ventus,</span> <span class='ocrx_word' id='word_1_7' title='bbox 178 618 263 671; x_wconf 86' lang='lat' dir='ltr'>quum</span> <span class='ocrx_word' id='word_1_8' title='bbox 274 603 335 662; x_wconf 82' lang='lat' dir='ltr'>ille,</span> <span class='ocrx_word' id='word_1_9' title='bbox 346 619 418 669; x_wconf 76' lang='lat' dir='ltr'>«pree</span> <span class='ocrx_word' id='word_1_10' title='bbox 427 605 825 677; x_wconf 69' lang='lat' dir='ltr'>colluctabantur,incubuere,</span> <span class='ocrx_word' id='word_1_11' title='bbox 836 623 865 668; x_wconf 83' lang='lat' dir='ltr'>et</span> 
     </span>
     <span class='ocr_line' id='line_1_3' title="bbox 60 671 866 734; baseline 0.01 -8"><span class='ocrx_word' id='word_1_12' title='bbox 60 675 107 726; x_wconf 85' lang='lat' dir='ltr'>diu</span> <span class='ocrx_word' id='word_1_13' title='bbox 122 673 260 725; x_wconf 76' lang='lat' dir='ltr'>fluctuate</span> <span class='ocrx_word' id='word_1_14' title='bbox 275 687 308 723; x_wconf 84' lang='lat' dir='ltr'>ec</span> <span class='ocrx_word' id='word_1_15' title='bbox 318 671 402 724; x_wconf 78' lang='lat' dir='ltr'>dubie</span> <span class='ocrx_word' id='word_1_16' title='bbox 413 673 579 728; x_wconf 79' lang='lat' dir='ltr'>inclinavere</span> <span class='ocrx_word' id='word_1_17' title='bbox 591 694 630 729; x_wconf 80' lang='lat' dir='ltr'>se.</span> <span class='ocrx_word' id='word_1_18' title='bbox 665 682 701 730; x_wconf 77' lang='lat' dir='ltr'>At</span> <span class='ocrx_word' id='word_1_19' title='bbox 711 682 757 732; x_wconf 83' lang='lat' dir='ltr'>ubi</span> <span class='ocrx_word' id='word_1_20' title='bbox 769 682 796 732; x_wconf 90' lang='lat' dir='ltr'>in</span> <span class='ocrx_word' id='word_1_21' title='bbox 809 698 866 734; x_wconf 82' lang='lat' dir='ltr'>nra-</span> 
     </span>
     <span class='ocr_line' id='line_1_4' title="bbox 59 743 862 812; baseline 0.011 -17"><span class='ocrx_word' id='word_1_22' title='bbox 59 760 115 812; x_wconf 81' lang='lat' dir='ltr'>gnn</span> <span class='ocrx_word' id='word_1_23' title='bbox 126 743 247 794; x_wconf 74' lang='lat' dir='ltr'>laxitate</span> <span class='ocrx_word' id='word_1_24' title='bbox 258 755 377 806; x_wconf 80' lang='lat' dir='ltr'>corpore</span> <span class='ocrx_word' id='word_1_25' title='bbox 391 756 478 808; x_wconf 82' lang='lat' dir='ltr'>psuca</span> <span class='ocrx_word' id='word_1_26' title='bbox 496 753 654 807; x_wconf 71' lang='lat' dir='ltr'>versantur,</span> <span class='ocrx_word' id='word_1_27' title='bbox 676 764 727 799; x_wconf 90' lang='lat' dir='ltr'>nec</span> <span class='ocrx_word' id='word_1_28' title='bbox 740 754 862 804; x_wconf 83' lang='lat' dir='ltr'>erietore</span> 
     </span>
     <span class='ocr_line' id='line_1_5' title="bbox 59 808 376 880; baseline -0.019 -16"><span class='ocrx_word' id='word_1_29' title='bbox 59 818 187 880; x_wconf 86' lang='lat' dir='ltr'>possunt,</span> <span class='ocrx_word' id='word_1_30' title='bbox 200 808 376 876; x_wconf 83' lang='lat' dir='ltr'>neoimpeiii.</span> 
     </span>
    </p>

    <p class='ocr_par' dir='ltr' id='par_1_3' title="bbox 60 878 866 1911">
     <span class='ocr_line' id='line_1_6' title="bbox 110 878 864 950; baseline 0.008 -19"><span class='ocrx_word' id='word_1_31' title='bbox 110 881 158 933; x_wconf 84' lang='lat' dir='ltr'>nt.</span> <span class='ocrx_word' id='word_1_32' title='bbox 183 881 247 931; x_wconf 81' lang='lat' dir='ltr'>Hoc</span> <span class='ocrx_word' id='word_1_33' title='bbox 268 879 367 929; x_wconf 77' lang='lat' dir='ltr'>rursum</span> <span class='ocrx_word' id='word_1_34' title='bbox 389 895 465 940; x_wconf 87' lang='lat' dir='ltr'>esse,</span> <span class='ocrx_word' id='word_1_35' title='bbox 486 878 534 929; x_wconf 83' lang='lat' dir='ltr'>vei</span> <span class='ocrx_word' id='word_1_36' title='bbox 555 893 588 930; x_wconf 81' lang='lat' dir='ltr'>ex</span> <span class='ocrx_word' id='word_1_37' title='bbox 604 895 638 931; x_wconf 88' lang='lat' dir='ltr'>eo</span> <span class='ocrx_word' id='word_1_38' title='bbox 654 881 771 950; x_wconf 83' lang='lat' dir='ltr'>colligas</span> <span class='ocrx_word' id='word_1_39' title='bbox 788 885 864 946; x_wconf 84' lang='lat' dir='ltr'>iicet,</span> 
     </span>
     <span class='ocr_line' id='line_1_7' title="bbox 60 948 864 1017; baseline 0.004 -16"><span class='ocrx_word' id='word_1_40' title='bbox 60 949 135 1017; x_wconf 83' lang='lat' dir='ltr'>quod</span> <span class='ocrx_word' id='word_1_41' title='bbox 145 956 214 1000; x_wconf 89' lang='lat' dir='ltr'>tunc</span> <span class='ocrx_word' id='word_1_42' title='bbox 224 949 334 998; x_wconf 77' lang='lat' dir='ltr'>interim</span> <span class='ocrx_word' id='word_1_43' title='bbox 348 948 460 999; x_wconf 85' lang='lat' dir='ltr'>minime</span> <span class='ocrx_word' id='word_1_44' title='bbox 474 956 571 998; x_wconf 88' lang='lat' dir='ltr'>rentus</span> <span class='ocrx_word' id='word_1_45' title='bbox 584 954 642 1010; x_wconf 86' lang='lat' dir='ltr'>est,</span> <span class='ocrx_word' id='word_1_46' title='bbox 662 964 745 1015; x_wconf 91' lang='lat' dir='ltr'>quum</span> <span class='ocrx_word' id='word_1_47' title='bbox 757 955 805 1004; x_wconf 72' lang='lat' dir='ltr'>etr</span> <span class='ocrx_word' id='word_1_48' title='bbox 816 970 864 1004; x_wconf 89' lang='lat' dir='ltr'>nu·</span> 
     </span>
     <span class='ocr_line' id='line_1_8' title="bbox 60 1017 866 1084; baseline 0.002 -14"><span class='ocrx_word' id='word_1_49' title='bbox 60 1020 121 1070; x_wconf 81' lang='lat' dir='ltr'>bilo</span> <span class='ocrx_word' id='word_1_50' title='bbox 144 1018 239 1084; x_wconf 73' lang='lat' dir='ltr'>gravis</span> <span class='ocrx_word' id='word_1_51' title='bbox 254 1026 307 1067; x_wconf 85' lang='lat' dir='ltr'>est.</span> <span class='ocrx_word' id='word_1_52' title='bbox 343 1017 426 1083; x_wconf 82' lang='lat' dir='ltr'><strong>Atqui</strong></span> <span class='ocrx_word' id='word_1_53' title='bbox 443 1024 510 1066; x_wconf 87' lang='lat' dir='ltr'>tunc</span> <span class='ocrx_word' id='word_1_54' title='bbox 527 1017 646 1082; x_wconf 72' lang='lat' dir='ltr'>piurima</span> <span class='ocrx_word' id='word_1_55' title='bbox 662 1033 782 1084; x_wconf 84' lang='lat' dir='ltr'>corpora</span> <span class='ocrx_word' id='word_1_56' title='bbox 793 1037 823 1072; x_wconf 90' lang='lat' dir='ltr'>se</span> <span class='ocrx_word' id='word_1_57' title='bbox 835 1025 866 1071; x_wconf 92' lang='lat' dir='ltr'>iu·</span> 
     </span>
     <span class='ocr_line' id='line_1_9' title="bbox 60 1084 863 1154; baseline 0.001 -17"><span class='ocrx_word' id='word_1_58' title='bbox 60 1094 208 1154; x_wconf 74' lang='lat' dir='ltr'>angustum</span> <span class='ocrx_word' id='word_1_59' title='bbox 231 1084 390 1147; x_wconf 82' lang='lat' dir='ltr'>contulere,</span> <span class='ocrx_word' id='word_1_60' title='bbox 412 1092 441 1135; x_wconf 86' lang='lat' dir='ltr'>et</span> <span class='ocrx_word' id='word_1_61' title='bbox 462 1085 526 1135; x_wconf 89' lang='lat' dir='ltr'>iude</span> <span class='ocrx_word' id='word_1_62' title='bbox 545 1089 726 1151; x_wconf 83' lang='lat' dir='ltr'>spissnterum</span> <span class='ocrx_word' id='word_1_63' title='bbox 748 1088 863 1139; x_wconf 87' lang='lat' dir='ltr'>nubium</span> 
     </span>
     <span class='ocr_line' id='line_1_10' title="bbox 60 1153 865 1223; baseline 0.005 -18"><span class='ocrx_word' id='word_1_64' title='bbox 60 1156 185 1223; x_wconf 69' lang='lat' dir='ltr'>grunitu</span> <span class='ocrx_word' id='word_1_65' title='bbox 195 1160 246 1205; x_wconf 89' lang='lat' dir='ltr'>est.</span> <span class='ocrx_word' id='word_1_66' title='bbox 282 1153 376 1205; x_wconf 76' lang='lat' dir='ltr'>Adiiee</span> <span class='ocrx_word' id='word_1_67' title='bbox 387 1167 473 1214; x_wconf 84' lang='lat' dir='ltr'>nunc,</span> <span class='ocrx_word' id='word_1_68' title='bbox 490 1153 561 1219; x_wconf 83' lang='lat' dir='ltr'>quod</span> <span class='ocrx_word' id='word_1_69' title='bbox 572 1154 647 1205; x_wconf 83' lang='lat' dir='ltr'>circo</span> <span class='ocrx_word' id='word_1_70' title='bbox 659 1154 772 1207; x_wconf 74' lang='lat' dir='ltr'>flumine</span> <span class='ocrx_word' id='word_1_71' title='bbox 783 1165 812 1208; x_wconf 90' lang='lat' dir='ltr'>et</span> <span class='ocrx_word' id='word_1_72' title='bbox 824 1159 865 1209; x_wconf 80' lang='lat' dir='ltr'>ia·</span> 
     </span>
     <span class='ocr_line' id='line_1_11' title="bbox 62 1222 864 1291; baseline 0.001 -16"><span class='ocrx_word' id='word_1_73' title='bbox 62 1240 111 1275; x_wconf 87' lang='lat' dir='ltr'>cus</span> <span class='ocrx_word' id='word_1_74' title='bbox 123 1222 254 1290; x_wconf 72' lang='lat' dir='ltr'>frequens</span> <span class='ocrx_word' id='word_1_75' title='bbox 269 1222 370 1273; x_wconf 79' lang='lat' dir='ltr'>nebulo</span> <span class='ocrx_word' id='word_1_76' title='bbox 383 1228 438 1284; x_wconf 87' lang='lat' dir='ltr'>est,</span> <span class='ocrx_word' id='word_1_77' title='bbox 459 1224 574 1272; x_wconf 72' lang='lat' dir='ltr'>arctetis</span> <span class='ocrx_word' id='word_1_78' title='bbox 589 1225 786 1291; x_wconf 69' lang='lat' dir='ltr'>congestisque</span> <span class='ocrx_word' id='word_1_79' title='bbox 802 1240 864 1276; x_wconf 88' lang='lat' dir='ltr'>cor·</span> 
     </span>
     <span class='ocr_line' id='line_1_12' title="bbox 62 1290 864 1360; baseline 0 -16"><span class='ocrx_word' id='word_1_80' title='bbox 62 1293 186 1360; x_wconf 84' lang='lat' dir='ltr'>poribus,</span> <span class='ocrx_word' id='word_1_81' title='bbox 199 1307 248 1343; x_wconf 88' lang='lat' dir='ltr'>nec</span> <span class='ocrx_word' id='word_1_82' title='bbox 260 1299 352 1342; x_wconf 83' lang='lat' dir='ltr'>tamen</span> <span class='ocrx_word' id='word_1_83' title='bbox 365 1299 461 1340; x_wconf 81' lang='lat' dir='ltr'>ventus</span> <span class='ocrx_word' id='word_1_84' title='bbox 472 1290 525 1340; x_wconf 85' lang='lat' dir='ltr'>est.</span> <span class='ocrx_word' id='word_1_85' title='bbox 552 1291 694 1341; x_wconf 87' lang='lat' dir='ltr'>interdum</span> <span class='ocrx_word' id='word_1_86' title='bbox 707 1307 774 1342; x_wconf 86' lang='lat' dir='ltr'>rero</span> <span class='ocrx_word' id='word_1_87' title='bbox 785 1300 864 1344; x_wconf 77' lang='lat' dir='ltr'>tento</span> 
     </span>
     <span class='ocr_line' id='line_1_13' title="bbox 61 1359 863 1429; baseline -0.004 -15"><span class='ocrx_word' id='word_1_88' title='bbox 61 1363 153 1429; x_wconf 74' lang='lat' dir='ltr'>caligo</span> <span class='ocrx_word' id='word_1_89' title='bbox 166 1359 334 1420; x_wconf 77' lang='lat' dir='ltr'>effunditur,</span> <span class='ocrx_word' id='word_1_90' title='bbox 355 1367 384 1408; x_wconf 90' lang='lat' dir='ltr'>ot</span> <span class='ocrx_word' id='word_1_91' title='bbox 399 1364 576 1425; x_wconf 89' lang='lat' dir='ltr'>conspectum</span> <span class='ocrx_word' id='word_1_92' title='bbox 587 1360 616 1409; x_wconf 90' lang='lat' dir='ltr'>in</span> <span class='ocrx_word' id='word_1_93' title='bbox 628 1359 718 1410; x_wconf 87' lang='lat' dir='ltr'>ricino</span> <span class='ocrx_word' id='word_1_94' title='bbox 729 1362 863 1412; x_wconf 75' lang='lat' dir='ltr'>stantium</span> 
     </span>
     <span class='ocr_line' id='line_1_14' title="bbox 60 1428 862 1497; baseline -0.005 -13"><span class='ocrx_word' id='word_1_95' title='bbox 60 1431 178 1497; x_wconf 82' lang='lat' dir='ltr'>eripiet:</span> <span class='ocrx_word' id='word_1_96' title='bbox 200 1428 273 1496; x_wconf 82' lang='lat' dir='ltr'>quod</span> <span class='ocrx_word' id='word_1_97' title='bbox 296 1442 350 1479; x_wconf 88' lang='lat' dir='ltr'>non</span> <span class='ocrx_word' id='word_1_98' title='bbox 371 1430 501 1489; x_wconf 71' lang='lat' dir='ltr'>eveniret,</span> <span class='ocrx_word' id='word_1_99' title='bbox 523 1429 579 1480; x_wconf 84' lang='lat' dir='ltr'>uisi</span> <span class='ocrx_word' id='word_1_100' title='bbox 595 1430 622 1480; x_wconf 93' lang='lat' dir='ltr'>in</span> <span class='ocrx_word' id='word_1_101' title='bbox 639 1442 752 1494; x_wconf 78' lang='lat' dir='ltr'>porrum</span> <span class='ocrx_word' id='word_1_102' title='bbox 770 1430 862 1480; x_wconf 87' lang='lat' dir='ltr'>iocum</span> 
     </span>
     <span class='ocr_line' id='line_1_15' title="bbox 61 1497 862 1567; baseline -0.004 -15"><span class='ocrx_word' id='word_1_103' title='bbox 61 1513 183 1567; x_wconf 81' lang='lat' dir='ltr'>corpore</span> <span class='ocrx_word' id='word_1_104' title='bbox 202 1515 234 1550; x_wconf 88' lang='lat' dir='ltr'>se</span> <span class='ocrx_word' id='word_1_105' title='bbox 253 1499 341 1548; x_wconf 83' lang='lat' dir='ltr'>multa</span> <span class='ocrx_word' id='word_1_106' title='bbox 361 1497 569 1563; x_wconf 85' lang='lat' dir='ltr'>compelierent.</span> <span class='ocrx_word' id='word_1_107' title='bbox 605 1499 630 1548; x_wconf 81' lang='lat'><em>2</em></span> <span class='ocrx_word' id='word_1_108' title='bbox 652 1498 736 1564; x_wconf 76' lang='lat' dir='ltr'>Atqui</span> <span class='ocrx_word' id='word_1_109' title='bbox 754 1499 862 1550; x_wconf 82' lang='lat' dir='ltr'>nulium</span> 
     </span>
     <span class='ocr_line' id='line_1_16' title="bbox 61 1567 865 1635; baseline -0.002 -13"><span class='ocrx_word' id='word_1_110' title='bbox 61 1580 173 1635; x_wconf 85' lang='lat' dir='ltr'>ternpus</span> <span class='ocrx_word' id='word_1_111' title='bbox 185 1568 283 1634; x_wconf 75' lang='lat' dir='ltr'>magis,</span> <span class='ocrx_word' id='word_1_112' title='bbox 293 1581 374 1633; x_wconf 84' lang='lat' dir='ltr'>quem</span> <span class='ocrx_word' id='word_1_113' title='bbox 386 1567 558 1629; x_wconf 86' lang='lat' dir='ltr'>nebulosum,</span> <span class='ocrx_word' id='word_1_114' title='bbox 574 1573 650 1618; x_wconf 78' lang='lat' dir='ltr'>caret</span> <span class='ocrx_word' id='word_1_115' title='bbox 662 1576 753 1619; x_wconf 84' lang='lat' dir='ltr'>vento.</span> <span class='ocrx_word' id='word_1_116' title='bbox 789 1569 865 1620; x_wconf 77' lang='lat' dir='ltr'>edii-</span> 
     </span>
     <span class='ocr_line' id='line_1_17' title="bbox 61 1635 863 1703; baseline -0.006 -11"><span class='ocrx_word' id='word_1_117' title='bbox 61 1655 94 1692; x_wconf 83' lang='lat' dir='ltr'>ce</span> <span class='ocrx_word' id='word_1_118' title='bbox 105 1653 192 1700; x_wconf 81' lang='lat' dir='ltr'>nunc,</span> <span class='ocrx_word' id='word_1_119' title='bbox 213 1635 286 1703; x_wconf 82' lang='lat' dir='ltr'>quod</span> <span class='ocrx_word' id='word_1_120' title='bbox 298 1651 313 1687; x_wconf 90' lang='lat' dir='ltr'>e</span> <span class='ocrx_word' id='word_1_121' title='bbox 325 1637 465 1687; x_wconf 74' lang='lat' dir='ltr'>contrario</span> <span class='ocrx_word' id='word_1_122' title='bbox 478 1635 567 1697; x_wconf 80' lang='lat' dir='ltr'>venit,</span> <span class='ocrx_word' id='word_1_123' title='bbox 589 1644 621 1687; x_wconf 88' lang='lat' dir='ltr'>ut</span> <span class='ocrx_word' id='word_1_124' title='bbox 635 1637 677 1687; x_wconf 87' lang='lat' dir='ltr'>soi</span> <span class='ocrx_word' id='word_1_125' title='bbox 694 1638 863 1689; x_wconf 82' lang='lat' dir='ltr'>matutinum</span> 
     </span>
     <span class='ocr_line' id='line_1_18' title="bbox 61 1703 863 1773; baseline -0.002 -15"><span class='ocrx_word' id='word_1_126' title='bbox 61 1711 129 1758; x_wconf 69' lang='lat' dir='ltr'>aira</span> <span class='ocrx_word' id='word_1_127' title='bbox 150 1707 268 1773; x_wconf 84' lang='lat' dir='ltr'>spissum</span> <span class='ocrx_word' id='word_1_128' title='bbox 291 1712 320 1756; x_wconf 86' lang='lat' dir='ltr'>et</span> <span class='ocrx_word' id='word_1_129' title='bbox 335 1703 477 1755; x_wconf 83' lang='lat' dir='ltr'>humidum</span> <span class='ocrx_word' id='word_1_130' title='bbox 495 1711 558 1755; x_wconf 88' lang='lat' dir='ltr'>ortu</span> <span class='ocrx_word' id='word_1_131' title='bbox 573 1718 623 1755; x_wconf 91' lang='lat' dir='ltr'>suo</span> <span class='ocrx_word' id='word_1_132' title='bbox 641 1713 746 1759; x_wconf 78' lang='lat' dir='ltr'>tenuet</span> <span class='ocrx_word' id='word_1_133' title='bbox 781 1709 863 1759; x_wconf 84' lang='lat' dir='ltr'>Tunc</span> 
     </span>
     <span class='ocr_line' id='line_1_19' title="bbox 62 1773 864 1876; baseline 0.001 -50"><span class='ocrx_word' id='word_1_134' title='bbox 62 1778 153 1844; x_wconf 72' lang='lat' dir='ltr'>surgit</span> <span class='ocrx_word' id='word_1_135' title='bbox 169 1789 251 1836; x_wconf 78' lang='lat' dir='ltr'>euro,</span> <span class='ocrx_word' id='word_1_136' title='bbox 270 1788 353 1840; x_wconf 92' lang='lat' dir='ltr'>quum</span> <span class='ocrx_word' id='word_1_137' title='bbox 369 1774 464 1825; x_wconf 83' lang='lat' dir='ltr'>dotum</span> <span class='ocrx_word' id='word_1_138' title='bbox 482 1780 525 1825; x_wconf 87' lang='lat' dir='ltr'>est</span> <span class='ocrx_word' id='word_1_139' title='bbox 540 1773 726 1827; x_wconf 78' lang='lat' dir='ltr'>insumentum</span> <span class='ocrx_word' id='word_1_140' title='bbox 739 1776 864 1876; x_wconf 51' lang='lat' dir='ltr'>corpgi·</span> 
     </span>
     <span class='ocr_line' id='line_1_20' title="bbox 63 1841 754 1911; baseline -0.006 -12"><span class='ocrx_word' id='word_1_141' title='bbox 63 1849 124 1905; x_wconf 80' lang='lat' dir='ltr'>bus,</span> <span class='ocrx_word' id='word_1_142' title='bbox 137 1852 167 1896; x_wconf 95' lang='lat' dir='ltr'>et</span> <span class='ocrx_word' id='word_1_143' title='bbox 177 1843 293 1911; x_wconf 75' lang='lat' dir='ltr'>stipatio</span> <span class='ocrx_word' id='word_1_144' title='bbox 306 1841 419 1894; x_wconf 86' lang='lat' dir='ltr'>illorum</span> <span class='ocrx_word' id='word_1_145' title='bbox 429 1855 463 1894; x_wconf 77' lang='lat' dir='ltr'>eo</span> <span class='ocrx_word' id='word_1_146' title='bbox 473 1841 557 1894; x_wconf 78' lang='lat' dir='ltr'>turbe</span> <span class='ocrx_word' id='word_1_147' title='bbox 568 1845 692 1896; x_wconf 74' lang='lat' dir='ltr'>resoluto</span> <span class='ocrx_word' id='word_1_148' title='bbox 703 1852 754 1895; x_wconf 80' lang='lat' dir='ltr'>est</span> 
     </span>
    </p>

    <p class='ocr_par' dir='ltr' id='par_1_4' title="bbox 64 1912 886 2947">
     <span class='ocr_line' id='line_1_21' title="bbox 115 1912 864 1979; baseline -0.004 -15"><span class='ocrx_word' id='word_1_149' title='bbox 115 1913 164 1966; x_wconf 84' lang='lat' dir='ltr'>lv.</span> <span class='ocrx_word' id='word_1_150' title='bbox 185 1913 341 1973; x_wconf 72' lang='lat' dir='ltr'>Quomodo,</span> <span class='ocrx_word' id='word_1_151' title='bbox 360 1912 460 1977; x_wconf 86' lang='lat' dir='ltr'>inquis,</span> <span class='ocrx_word' id='word_1_152' title='bbox 475 1925 542 1979; x_wconf 76' lang='lat' dir='ltr'>ergo</span> <span class='ocrx_word' id='word_1_153' title='bbox 553 1914 626 1963; x_wconf 79' lang='lat' dir='ltr'>renti</span> <span class='ocrx_word' id='word_1_154' title='bbox 639 1915 716 1973; x_wconf 80' lang='lat' dir='ltr'>fiunt,</span> <span class='ocrx_word' id='word_1_155' title='bbox 727 1927 797 1978; x_wconf 88' lang='lat' dir='ltr'>quos</span> <span class='ocrx_word' id='word_1_156' title='bbox 809 1927 864 1962; x_wconf 78' lang='lat' dir='ltr'>non</span> 
     </span>
     <span class='ocr_line' id='line_1_22' title="bbox 65 1980 865 2050; baseline -0.006 -16"><span class='ocrx_word' id='word_1_157' title='bbox 65 1997 151 2050; x_wconf 77' lang='lat' dir='ltr'>negas</span> <span class='ocrx_word' id='word_1_158' title='bbox 162 1981 241 2034; x_wconf 76' lang='lat' dir='ltr'>fierit</span> <span class='ocrx_word' id='word_1_159' title='bbox 271 1980 332 2033; x_wconf 90' lang='lat' dir='ltr'>Non</span> <span class='ocrx_word' id='word_1_160' title='bbox 345 1995 400 2031; x_wconf 92' lang='lat' dir='ltr'>uno</span> <span class='ocrx_word' id='word_1_161' title='bbox 411 1980 504 2032; x_wconf 79' lang='lat' dir='ltr'>motio.</span> <span class='ocrx_word' id='word_1_162' title='bbox 540 1980 617 2032; x_wconf 78' lang='lat' dir='ltr'>Aiies</span> <span class='ocrx_word' id='word_1_163' title='bbox 628 1985 701 2033; x_wconf 84' lang='lat' dir='ltr'>enim</span> <span class='ocrx_word' id='word_1_164' title='bbox 714 1989 789 2032; x_wconf 77' lang='lat' dir='ltr'>terro</span> <span class='ocrx_word' id='word_1_165' title='bbox 805 1982 865 2047; x_wconf 82' lang='lat' dir='ltr'>ipsa</span> 
     </span>
     <span class='ocr_line' id='line_1_23' title="bbox 67 2049 864 2119; baseline -0.008 -15"><span class='ocrx_word' id='word_1_166' title='bbox 67 2066 194 2119; x_wconf 76' lang='lat' dir='ltr'>magnoin</span> <span class='ocrx_word' id='word_1_167' title='bbox 210 2052 268 2102; x_wconf 78' lang='lat' dir='ltr'>rins</span> <span class='ocrx_word' id='word_1_168' title='bbox 278 2049 350 2101; x_wconf 71' lang='lat' dir='ltr'>neris</span> <span class='ocrx_word' id='word_1_169' title='bbox 362 2050 452 2111; x_wconf 65' lang='lat' dir='ltr'>efficit,</span> <span class='ocrx_word' id='word_1_170' title='bbox 476 2057 505 2102; x_wconf 89' lang='lat' dir='ltr'>et</span> <span class='ocrx_word' id='word_1_171' title='bbox 517 2063 551 2100; x_wconf 83' lang='lat' dir='ltr'>ex</span> <span class='ocrx_word' id='word_1_172' title='bbox 562 2050 660 2102; x_wconf 80' lang='lat' dir='ltr'>abdito</span> <span class='ocrx_word' id='word_1_173' title='bbox 670 2053 771 2117; x_wconf 78' lang='lat' dir='ltr'>spirat:</span> <span class='ocrx_word' id='word_1_174' title='bbox 793 2049 864 2099; x_wconf 83' lang='lat' dir='ltr'>oties</span> 
     </span>
     <span class='ocr_line' id='line_1_24' title="bbox 66 2118 864 2188; baseline -0.006 -17"><span class='ocrx_word' id='word_1_175' title='bbox 66 2136 150 2188; x_wconf 81' lang='lat' dir='ltr'>quum</span> <span class='ocrx_word' id='word_1_176' title='bbox 162 2135 263 2187; x_wconf 74' lang='lat' dir='ltr'>meges</span> <span class='ocrx_word' id='word_1_177' title='bbox 275 2126 303 2170; x_wconf 86' lang='lat' dir='ltr'>et</span> <span class='ocrx_word' id='word_1_178' title='bbox 315 2118 445 2170; x_wconf 84' lang='lat' dir='ltr'>continue</span> <span class='ocrx_word' id='word_1_179' title='bbox 456 2133 491 2170; x_wconf 85' lang='lat' dir='ltr'>ex</span> <span class='ocrx_word' id='word_1_180' title='bbox 501 2119 558 2170; x_wconf 87' lang='lat' dir='ltr'>imo</span> <span class='ocrx_word' id='word_1_181' title='bbox 569 2120 733 2185; x_wconf 77' lang='lat' dir='ltr'>evaporatio</span> <span class='ocrx_word' id='word_1_182' title='bbox 744 2119 771 2168; x_wconf 93' lang='lat' dir='ltr'>in</span> <span class='ocrx_word' id='word_1_183' title='bbox 779 2119 864 2169; x_wconf 81' lang='lat' dir='ltr'>altum</span> 
     </span>
     <span class='ocr_line' id='line_1_25' title="bbox 64 2186 866 2260; baseline -0.012 -15"><span class='ocrx_word' id='word_1_184' title='bbox 64 2191 127 2260; x_wconf 75' lang='lat' dir='ltr'>egit</span> <span class='ocrx_word' id='word_1_185' title='bbox 138 2203 210 2256; x_wconf 78' lang='lat' dir='ltr'>quoe</span> <span class='ocrx_word' id='word_1_186' title='bbox 223 2189 368 2250; x_wconf 72' lang='lat' dir='ltr'>emiserat,</span> <span class='ocrx_word' id='word_1_187' title='bbox 388 2187 543 2239; x_wconf 77' lang='lat' dir='ltr'>immutatio</span> <span class='ocrx_word' id='word_1_188' title='bbox 555 2190 615 2254; x_wconf 84' lang='lat' dir='ltr'>ipss</span> <span class='ocrx_word' id='word_1_189' title='bbox 626 2187 731 2239; x_wconf 69' lang='lat' dir='ltr'>tistitus</span> <span class='ocrx_word' id='word_1_190' title='bbox 749 2186 828 2236; x_wconf 88' lang='lat' dir='ltr'>misti</span> <span class='ocrx_word' id='word_1_191' title='bbox 838 2186 866 2235; x_wconf 90' lang='lat' dir='ltr'>in</span> 
     </span>
     <span class='ocr_line' id='line_1_26' title="bbox 65 2254 866 2317; baseline -0.009 -6"><span class='ocrx_word' id='word_1_192' title='bbox 65 2266 179 2314; x_wconf 76' lang='lat' dir='ltr'>eentum</span> <span class='ocrx_word' id='word_1_193' title='bbox 201 2258 328 2308; x_wconf 81' lang='lat' dir='ltr'>vertitur.</span> <span class='ocrx_word' id='word_1_194' title='bbox 365 2256 526 2309; x_wconf 83' lang='lat' dir='ltr'>ltiudeoim</span> <span class='ocrx_word' id='word_1_195' title='bbox 544 2272 594 2307; x_wconf 90' lang='lat' dir='ltr'>nec</span> <span class='ocrx_word' id='word_1_196' title='bbox 612 2255 778 2317; x_wconf 76' lang='lat' dir='ltr'>uterednm,</span> <span class='ocrx_word' id='word_1_197' title='bbox 800 2254 866 2305; x_wconf 83' lang='lat' dir='ltr'>inihi</span> 
     </span>
     <span class='ocr_line' id='line_1_27' title="bbox 65 2323 866 2399; baseline -0.01 -17"><span class='ocrx_word' id='word_1_198' title='bbox 65 2327 229 2399; x_wconf 68' lang='lat' dir='ltr'>persuaderi</span> <span class='ocrx_word' id='word_1_199' title='bbox 245 2331 352 2392; x_wconf 88' lang='lat' dir='ltr'>potest,</span> <span class='ocrx_word' id='word_1_200' title='bbox 374 2340 424 2378; x_wconf 82' lang='lat' dir='ltr'>ricc</span> <span class='ocrx_word' id='word_1_201' title='bbox 437 2332 469 2377; x_wconf 92' lang='lat' dir='ltr'>ut</span> <span class='ocrx_word' id='word_1_202' title='bbox 484 2331 605 2377; x_wconf 73' lang='lat' dir='ltr'>teocam:</span> <span class='ocrx_word' id='word_1_203' title='bbox 627 2323 768 2393; x_wconf 84' lang='lat' dir='ltr'>quomodo</span> <span class='ocrx_word' id='word_1_204' title='bbox 781 2323 808 2374; x_wconf 91' lang='lat' dir='ltr'>in</span> <span class='ocrx_word' id='word_1_205' title='bbox 820 2340 866 2374; x_wconf 90' lang='lat' dir='ltr'>no·</span> 
     </span>
     <span class='ocr_line' id='line_1_28' title="bbox 65 2393 867 2463; baseline -0.014 -11"><span class='ocrx_word' id='word_1_206' title='bbox 65 2401 132 2452; x_wconf 80' lang='lat' dir='ltr'>stris</span> <span class='ocrx_word' id='word_1_207' title='bbox 154 2397 319 2463; x_wconf 81' lang='lat' dir='ltr'>corporibus</span> <span class='ocrx_word' id='word_1_208' title='bbox 341 2409 376 2445; x_wconf 82' lang='lat' dir='ltr'>es</span> <span class='ocrx_word' id='word_1_209' title='bbox 397 2395 459 2446; x_wconf 88' lang='lat' dir='ltr'>cibo</span> <span class='ocrx_word' id='word_1_210' title='bbox 474 2395 505 2446; x_wconf 84' lang='lat' dir='ltr'>m</span> <span class='ocrx_word' id='word_1_211' title='bbox 520 2393 636 2455; x_wconf 73' lang='lat' dir='ltr'>inflatio,</span> <span class='ocrx_word' id='word_1_212' title='bbox 656 2409 727 2460; x_wconf 84' lang='lat' dir='ltr'>quoe</span> <span class='ocrx_word' id='word_1_213' title='bbox 741 2409 796 2444; x_wconf 87' lang='lat' dir='ltr'>uon</span> <span class='ocrx_word' id='word_1_214' title='bbox 808 2395 867 2442; x_wconf 82' lang='lat' dir='ltr'>sine</span> 
     </span>
     <span class='ocr_line' id='line_1_29' title="bbox 65 2462 868 2535; baseline -0.014 -15"><span class='ocrx_word' id='word_1_215' title='bbox 65 2482 169 2535; x_wconf 73' lang='lat' dir='ltr'>negot</span> <span class='ocrx_word' id='word_1_216' title='bbox 184 2467 292 2517; x_wconf 80' lang='lat' dir='ltr'>nerium</span> <span class='ocrx_word' id='word_1_217' title='bbox 310 2462 413 2515; x_wconf 73' lang='lat' dir='ltr'>iniuria</span> <span class='ocrx_word' id='word_1_218' title='bbox 427 2464 577 2524; x_wconf 86' lang='lat' dir='ltr'>emittitur,</span> <span class='ocrx_word' id='word_1_219' title='bbox 600 2470 627 2514; x_wconf 87' lang='lat' dir='ltr'>et</span> <span class='ocrx_word' id='word_1_220' title='bbox 643 2469 767 2514; x_wconf 73' lang='lat' dir='ltr'>ventrem</span> <span class='ocrx_word' id='word_1_221' title='bbox 784 2464 868 2512; x_wconf 87' lang='lat' dir='ltr'>inter·</span> 
     </span>
     <span class='ocr_line' id='line_1_30' title="bbox 66 2529 869 2592; baseline -0.016 -2"><span class='ocrx_word' id='word_1_222' title='bbox 66 2538 131 2589; x_wconf 75' lang='lat' dir='ltr'>tum</span> <span class='ocrx_word' id='word_1_223' title='bbox 142 2551 205 2588; x_wconf 85' lang='lat' dir='ltr'>euru</span> <span class='ocrx_word' id='word_1_224' title='bbox 219 2548 288 2586; x_wconf 88' lang='lat' dir='ltr'>sooo</span> <span class='ocrx_word' id='word_1_225' title='bbox 299 2538 445 2592; x_wconf 81' lang='lat' dir='ltr'>exoneret,</span> <span class='ocrx_word' id='word_1_226' title='bbox 457 2533 595 2583; x_wconf 86' lang='lat' dir='ltr'>interdum</span> <span class='ocrx_word' id='word_1_227' title='bbox 606 2535 755 2583; x_wconf 85' lang='lat' dir='ltr'>secretius:</span> <span class='ocrx_word' id='word_1_228' title='bbox 787 2530 813 2579; x_wconf 86' lang='lat'>2.</span> <span class='ocrx_word' id='word_1_229' title='bbox 828 2529 869 2578; x_wconf 89' lang='lat' dir='ltr'>sic</span> 
     </span>
     <span class='ocr_line' id='line_1_31' title="bbox 65 2597 871 2675; baseline -0.02 -16"><span class='ocrx_word' id='word_1_230' title='bbox 65 2613 167 2675; x_wconf 74' lang='lat' dir='ltr'>potent</span> <span class='ocrx_word' id='word_1_231' title='bbox 188 2613 218 2657; x_wconf 87' lang='lat' dir='ltr'>et</span> <span class='ocrx_word' id='word_1_232' title='bbox 239 2603 312 2654; x_wconf 79' lang='lat' dir='ltr'>hunc</span> <span class='ocrx_word' id='word_1_233' title='bbox 336 2615 463 2669; x_wconf 75' lang='lat' dir='ltr'>magnam</span> <span class='ocrx_word' id='word_1_234' title='bbox 484 2616 576 2652; x_wconf 88' lang='lat' dir='ltr'>rerum</span> <span class='ocrx_word' id='word_1_235' title='bbox 594 2607 719 2651; x_wconf 75' lang='lat' dir='ltr'>usturam</span> <span class='ocrx_word' id='word_1_236' title='bbox 738 2597 871 2648; x_wconf 76' lang='lat' dir='ltr'>elimenta</span> 
     </span>
     <span class='ocr_line' id='line_1_32' title="bbox 66 2663 869 2736; baseline -0.022 -8"><span class='ocrx_word' id='word_1_237' title='bbox 66 2681 221 2729; x_wconf 70' lang='lat' dir='ltr'>nutantem</span> <span class='ocrx_word' id='word_1_238' title='bbox 244 2672 375 2724; x_wconf 85' lang='lat' dir='ltr'>emittere</span> <span class='ocrx_word' id='word_1_239' title='bbox 390 2670 527 2736; x_wconf 87' lang='lat' dir='ltr'>spiritum.</span> <span class='ocrx_word' id='word_1_240' title='bbox 563 2669 639 2720; x_wconf 84' lang='lat' dir='ltr'>Bene</span> <span class='ocrx_word' id='word_1_241' title='bbox 656 2667 797 2719; x_wconf 89' lang='lat' dir='ltr'>nobiscum</span> <span class='ocrx_word' id='word_1_242' title='bbox 809 2663 869 2728; x_wconf 78' lang='lat' dir='ltr'>egi·</span> 
     </span>
     <span class='ocr_line' id='line_1_33' title="bbox 65 2730 871 2811; baseline -0.019 -19"><span class='ocrx_word' id='word_1_243' title='bbox 65 2755 126 2808; x_wconf 78' lang='lat' dir='ltr'>tur,</span> <span class='ocrx_word' id='word_1_244' title='bbox 147 2741 224 2811; x_wconf 85' lang='lat' dir='ltr'>qumi</span> <span class='ocrx_word' id='word_1_245' title='bbox 241 2755 353 2809; x_wconf 83' lang='lat' dir='ltr'>semper</span> <span class='ocrx_word' id='word_1_246' title='bbox 375 2739 535 2805; x_wconf 89' lang='lat' dir='ltr'>concoquit:</span> <span class='ocrx_word' id='word_1_247' title='bbox 558 2736 681 2803; x_wconf 81' lang='lat' dir='ltr'>alioquin</span> <span class='ocrx_word' id='word_1_248' title='bbox 704 2730 871 2784; x_wconf 84' lang='lat' dir='ltr'>immundius</span> 
     </span>
     <span class='ocr_line' id='line_1_34' title="bbox 66 2799 878 2882; baseline -0.022 -16"><span class='ocrx_word' id='word_1_249' title='bbox 66 2813 175 2882; x_wconf 75' lang='lat' dir='ltr'>ntiquid</span> <span class='ocrx_word' id='word_1_250' title='bbox 191 2814 364 2864; x_wconf 84' lang='lat' dir='ltr'>timeremus.</span> <span class='ocrx_word' id='word_1_251' title='bbox 400 2806 540 2873; x_wconf 82' lang='lat' dir='ltr'>Numquid</span> <span class='ocrx_word' id='word_1_252' title='bbox 556 2819 622 2874; x_wconf 83' lang='lat' dir='ltr'>ergo</span> <span class='ocrx_word' id='word_1_253' title='bbox 637 2804 690 2856; x_wconf 85' lang='lat' dir='ltr'>troc</span> <span class='ocrx_word' id='word_1_254' title='bbox 705 2799 799 2851; x_wconf 76' lang='lat' dir='ltr'>verius</span> <span class='ocrx_word' id='word_1_255' title='bbox 819 2804 878 2864; x_wconf 85' lang='lat' dir='ltr'>est,</span> 
     </span>
     <span class='ocr_line' id='line_1_35' title="bbox 67 2868 886 2947; baseline -0.015 -9"><span class='ocrx_word' id='word_1_256' title='bbox 67 2885 172 2947; x_wconf 64' lang='lat' dir='ltr'>licere,</span> <span class='ocrx_word' id='word_1_257' title='bbox 184 2882 267 2933; x_wconf 81' lang='lat' dir='ltr'>inuiti</span> <span class='ocrx_word' id='word_1_258' title='bbox 279 2895 313 2933; x_wconf 78' lang='lat' dir='ltr'>es</span> <span class='ocrx_word' id='word_1_259' title='bbox 326 2876 487 2940; x_wconf 73' lang='lat' dir='ltr'>omniperte</span> <span class='ocrx_word' id='word_1_260' title='bbox 496 2882 636 2929; x_wconf 77' lang='lat' dir='ltr'>terrorum</span> <span class='ocrx_word' id='word_1_261' title='bbox 650 2886 681 2930; x_wconf 87' lang='lat' dir='ltr'>et</span> <span class='ocrx_word' id='word_1_262' title='bbox 693 2870 812 2929; x_wconf 76' lang='lat' dir='ltr'>assium</span> <span class='ocrx_word' id='word_1_263' title='bbox 823 2868 886 2927; x_wconf 80' lang='lat' dir='ltr'>ier-</span> 
     </span>
    </p>
   </div>
   <div class='ocr_carea' id='block_1_3' title="bbox 53 2946 905 3100">
    <p class='ocr_par' dir='ltr' id='par_1_5' title="bbox 53 2946 905 3100">
     <span class='ocr_line' id='line_1_36' title="bbox 67 2946 895 3022; baseline 0.011 -29"><span class='ocrx_word' id='word_1_264' title='bbox 67 2949 275 3021; x_wconf 61' lang='lat' dir='ltr'>‚pmpugculnr</span> <span class='ocrx_word' id='word_1_265' title='bbox 294 2957 376 3007; x_wconf 79' lang='lat' dir='ltr'>quoe,</span> <span class='ocrx_word' id='word_1_266' title='bbox 397 2956 480 3022; x_wconf 81' lang='lat' dir='ltr'>quum</span> <span class='ocrx_word' id='word_1_267' title='bbox 492 2957 669 3004; x_wconf 79' lang='lat' dir='ltr'>concereutn</span> <span class='ocrx_word' id='word_1_268' title='bbox 682 2950 761 3018; x_wconf 89' lang='lat' dir='ltr'>sint,</span> <span class='ocrx_word' id='word_1_269' title='bbox 782 2946 895 3005; x_wconf 63' lang='lat' dir='ltr'>deinde</span> 
     </span>
     <span class='ocr_line' id='line_1_37' title="bbox 53 3008 905 3100; baseline 0.026 -41"><span class='ocrx_word' id='word_1_270' title='bbox 53 3024 195 3067; x_wconf 65' lang='lat' dir='ltr'>mum</span> <span class='ocrx_word' id='word_1_271' title='bbox 209 3008 273 3058; x_wconf 76' lang='lat' dir='ltr'>sole</span> <span class='ocrx_word' id='word_1_272' title='bbox 291 3017 451 3076; x_wconf 79' lang='lat' dir='ltr'>coeperint,</span> <span class='ocrx_word' id='word_1_273' title='bbox 469 3021 539 3081; x_wconf 82' lang='lat' dir='ltr'>quie</span> <span class='ocrx_word' id='word_1_274' title='bbox 560 3037 653 3079; x_wconf 89' lang='lat' dir='ltr'>omne</span> <span class='ocrx_word' id='word_1_275' title='bbox 681 3024 767 3100; x_wconf 78' lang='lat' dir='ltr'>quod</span> <span class='ocrx_word' id='word_1_276' title='bbox 791 3027 827 3084; x_wconf 84' lang='lat' dir='ltr'>in</span> <span class='ocrx_word' id='word_1_277' title='bbox 852 3043 905 3082; x_wconf 85' lang='lat' dir='ltr'>en·</span> 
     </span>
    </p>
   </div>
   <div class='ocr_carea' id='block_1_4' title="bbox 0 0 970 3278">
    <p class='ocr_par' dir='ltr' id='par_1_6' title="bbox 0 0 970 3278">
     <span class='ocr_line' id='line_1_38' title="bbox 0 0 970 3278; baseline 0 0"><span class='ocrx_word' id='word_1_278' title='bbox 0 0 970 3278; x_wconf 95' lang='lat' dir='ltr'> </span> 
     </span>
    </p>
   </div>
  </div>
 </body>
</html>
