1912 3338
316 537 512 589 oc'rnvls.
529 537 608 587 ΛΒΤ.
620 536 666 586 lll.
830 539 881 592 371

72 641 109 692 Et
119 644 178 707 ipse
190 640 284 707 populi
296 647 361 690 vota
371 642 425 690 iam
438 640 542 706 pridem
554 654 655 701 moror,

74 711 140 760 t'um
153 716 246 776 portet
256 717 336 759 utero
348 711 445 777 pignus
457 717 484 759 et
496 717 600 774 partem
612 710 673 758 mei.

73 782 143 841 Quin
156 779 323 829 destinamus
335 781 489 846 proximum
499 776 626 828 thalamis
637 776 724 829 dieml

243 980 419 1045 ACTUS
463 979 709 1046 TERTIUS.

324 1098 343 1144 Δ
354 1103 375 1144 G
390 1099 415 1141 R
428 1100 443 1144 1
456 1100 478 1143 1¹
488 1099 512 1143 P
523 1097 542 1141 1
552 1098 584 1143 Ν
592 1102 625 1144 Δ.

130 1183 165 1226 Al
184 1180 272 1239 Inferis
286 1181 370 1237 prodit
388 1180 529 1236 Agrippum,
545 1178 616 1237 firm
627 1180 736 1225 exiriales
743 1184 881 1240 praeferens

73 1238 160 1293 ‚ruptiis
170 1237 295 1293 Poppaeae
304 1245 327 1280 et
336 1236 440 1288 Neruius,
452 1235 514 1278 cuim
524 1243 621 1279 mortem
628 1237 754 1292 praedicit.

74 1296 198 1383 Tellure
208 1335 290 1396 rupta
301 1330 419 1379 Tartaro
432 1343 555 1396 gressum
567 1329 660 1391 extuli,
828 1334 881 1388 595

74 1399 199 1469 Stygiam
211 1404 325 1452 cruenta
335 1395 495 1465 praeferens
506 1397 604 1448 dextra
614 1397 704 1452 facem

75 1469 216 1521 Thalamis
227 1468 359 1527 scelestis.
371 1467 463 1518 Nubat
474 1466 516 1518 his
527 1466 642 1520 ilammis
653 1485 715 1524 meo

74 1540 206 1606 Poppaea
216 1545 282 1589 nato
292 1539 399 1598 iuncta,
412 1552 479 1604 quas
492 1537 589 1588 vindex
601 1553 698 1591 manus

73 1609 214 1676 Dolorque
226 1609 320 1659 matris
331 1613 421 1659 vertet
432 1606 467 1658 ad
478 1608 570 1658 tristes
582 1622 673 1675 rogos.

72 1678 171 1729 Manet
179 1680 250 1730 inter
259 1678 370 1729 umbras
381 1678 480 1744 impiae
493 1676 585 1729 caedis
595 1676 663 1730 milri
830 1680 881 1733 6⁰⁰

76 1747 189 1816 Semper
199 1749 344 1808 memoria,
355 1747 482 1799 Manibus
493 1748 593 1799 nostris
603 1748 694 1814 gravis

74 1816 169 1870 Adhuc
180 1819 285 1880 inultis,
296 1818 404 1868 reddita
415 1824 444 1869 et
452 1819 555 1868 meritis
566 1819 634 1868 meis

75 1890 195 1939 Funesta
206 1903 311 1939 merces
323 1889 433 1954 puppis,
445 1894 473 1938 et
485 1889 601 1953 pretium
611 1886 709 1954 imperi

75 1957 138 2007 Nox
149 1957 204 2015 illa,
216 1972 269 2024 qun
280 1956 424 2022 naufragia
433 1955 530 2007 deflevi
543 1970 613 2006 mea.

77 2026 212 2077 Comitum
224 2040 334 2083 necem,
345 2026 460 2089 natique
467 2023 584 2074 crudelis
595 2023 673 2074 nefas
831 2029 881 2080 605

75 2093 185 2146 Dellere
196 2100 290 2145 votum
301 2093 404 2155 iuerat3
416 2091 489 2143 haud
499 2098 606 2158 tempus
617 2093 712 2144 datum
723 2102 766 2147 est

78 2164 226 2225 Lacrimis3
237 2163 285 2214 sed
296 2165 392 2230 ingens
403 2162 506 2212 scelere
516 2163 664 2228 geminavit
674 2164 760 2217 nefas.

77 2234 207 2284 Peremta
218 2233 306 2293 ierro,
317 2231 401 2283 foeda
411 2230 579 2293 vulneribus,
590 2247 686 2284 saeros

77 2304 154 2354 intra
164 2310 278 2370 penates
288 2303 413 2369 spiritum
424 2299 507 2353 effudi
518 2316 639 2367 gravem,
841 2356 847 2369 ‚

78 2374 184 2441 Erepta
195 2373 306 2441 pelago,
318 2371 450 2439 sanguiue
462 2372 564 2422 extinxi
576 2386 637 2423 meo
832 2375 883 2427 610

78 2442 137 2495 Nec
148 2443 212 2495 odia
222 2444 292 2504 nati,
303 2443 390 2494 saevit
401 2440 429 2491 in
440 2455 538 2492 nomen
550 2439 625 2491 ierus

78 2513 177 2564 lintris
188 2519 334 2578 tyrannus:
346 2511 423 2562 obrui
436 2511 562 2561 meritum
572 2511 659 2577 cupit3

78 2582 242 2644 simulacra,
252 2581 347 2632 titulos
359 2581 487 2641 destruit,
499 2580 594 2631 mortis
606 2587 689 2642 metu,

78 2654 181 2703 Totum
192 2667 241 2718 per
252 2652 359 2712 orbem,
379 2665 458 2719 quem
469 2649 546 2700 dedit
555 2665 672 2716 poenam
683 2650 710 2700 in
722 2667 810 2702 meam

77 2723 168 2774 Puero
178 2721 326 2789 regendum
336 2727 429 2772 noster
439 2718 531 2771 infelix
542 2735 628 2770 antor.
831 2723 882 2773 615

77 2793 225 2843 Extinctus
236 2790 345 2842 umbras
357 2792 444 2857 agitat
454 2789 570 2841 infestus
581 2804 665 2850 meas,

76 2860 260 2929 Flaminiaque
271 2860 360 2911 vultus
371 2861 467 2911 noxios
480 2861 578 2909 coniux
609 2860 668 2921 etit,

77 2932 180 2992 instat,
193 2929 325 2992 mitratur,
335 2931 452 2997 imputat
462 2928 548 2979 latum
559 2875 625 2978 aridii

81 3000 280 3069 Tumulumque
291 3000 361 3061 nati3
374 3000 463 3066 poscit
474 3004 620 3049 auctorem
627 3001 720 3048 neeis.

78 3070 136 3119 iarn
144 3084 241 3136 parce:
253 3069 372 3123 dabitur.
386 3070 514 3140 Tempus
524 3066 848 3191 naudpingpuiiiii'‘
870 3045 950 3329 ἢ

649 3153 672 3188 a
