1920 3300
130 835 878 925 FRAGMENTA

390 978 616 1039 unionis

214 1089 788 1164 SENECAE

292 1224 360 1279 Qut
379 1223 715 1272 INTERGiDERUNT.

430 1328 573 1345 —m

304 1388 419 1454 Quintil.
430 1406 489 1458 cap.
500 1389 556 1455 111,
566 1389 609 1442 ne.
626 1387 704 1441 ΠΗ.

102 1455 211 1542 Nostri
228 1477 321 1546 sutem
338 1493 366 1544 in
381 1493 537 1562 iungendo,
558 1498 609 1544 sut
625 1490 779 1544 derivando
791 1493 904 1558 paulurn

103 1556 209 1624 aliquid
222 1562 292 1622 susi,
304 1563 350 1613 vix
363 1563 392 1613 in
405 1562 457 1615 hoc
467 1565 535 1616 setis
547 1560 729 1627 recipiuntur.
766 1561 837 1612 Nnin
852 1577 905 1613 nse·

102 1629 170 1676 minii
184 1629 290 1681 iuvenis
302 1630 447 1685 admodum
460 1631 721 1698 interPompuniunn
734 1629 904 1682 etSenecsns

102 1697 187 1746 etium
200 1698 421 1762 praefationibus
433 1717 493 1754 csse
503 1707 668 1759 tractatum,
689 1713 724 1748 sn
736 1700 843 1766 grados
860 1699 906 1751 eu-

102 1763 197 1829 eniunt,
211 1766 284 1835 apud
294 1769 401 1821 Attium
413 1771 441 1821 in
455 1770 611 1839 tragoedia,
623 1768 680 1819 dici
691 1772 870 1833 oportuisset.

343 1870 411 1940 Cap.
428 1870 457 1924 V.
468 1873 585 1926 ciusdem
596 1870 665 1925 titre.

158 1954 239 2006 Fecit
249 1956 381 2024 quasdam
393 1960 547 2011 sententias
560 1956 621 2007 sole
633 1955 797 2021 geminatio,
814 1956 904 2022 qualis

102 2029 146 2074 est
165 2021 286 2076 Senecae
302 2029 328 2078 in
345 2041 379 2077 su
398 2029 517 2094 scripto,
539 2025 612 2094 quod
629 2022 703 2075 Nero
719 2025 754 2076 sd
771 2022 902 2076 Senatum

102 2092 179 2143 nnisit
191 2095 284 2145 occiso
294 2102 394 2157 matre,
405 2112 488 2164 quoni
500 2113 530 2149 se
541 2094 730 2161 periclitatum
742 2092 835 2146 videri
847 2095 903 2145 vel·

102 2161 155 2213 let:
168 2162 280 2215 Salvum
293 2180 336 2217 me
347 2180 408 2218 csse
421 2166 511 2219 adhuc
521 2180 571 2217 nec
583 2162 677 2226 credo,
690 2177 741 2214 nec
751 2162 873 2230 gaudee.

381 2263 625 2335 Quum

157 2347 229 2399 Noni
241 2364 317 2412 vero,
333 2356 360 2402 et
373 2355 520 2419 praecipue
532 2352 744 2412 declamatores,
759 2350 904 2411 audacius,

104 2431 155 2468 nec
169 2416 341 2471 mehercules
352 2422 414 2474 sine
427 2430 502 2474 mutu
515 2421 632 2488 quodam
647 2419 852 2487 imaginantur,
875 2428 904 2471 nt

103 2485 211 2538 Seneca
219 2485 247 2537 in
260 2494 461 2554 controversis,
473 2492 550 2542 cuius
560 2503 666 2541 summa
678 2494 729 2548 est,
741 2489 815 2555 quod
828 2500 906 2557 pater

103 2554 193 2605 filiuni
206 2562 235 2607 et
247 2571 408 2621 novercam,
429 2560 576 2613 inducente
587 2559 676 2609 altero
688 2557 762 2620 filio,
783 2559 812 2609 in
825 2558 904 2611 adul·

103 2626 176 2702 tucio
188 2622 375 2690 deprehensos
386 2628 497 2680 occidit.
517 2628 589 2690 Duc,
600 2641 714 2693 sequor:
728 2628 825 2695 accipe
837 2627 906 2679 inane

103 2691 219 2744 senilem
232 2708 351 2759 manum,
364 2705 392 2750 et
404 2712 567 2765 quocunque
578 2699 621 2748 vis
633 2695 771 2762 imprime.
793 2697 830 2747 Et
842 2711 907 2763 pau·

103 2761 132 2812 io
153 2767 230 2826 post:
250 2763 376 2831 Adspice,
399 2767 500 2833 inquit,
521 2766 594 2833 quod
615 2765 662 2816 diu
679 2779 733 2815 non
750 2766 907 2818 credidisti.

94 2829 161 2895 Ego
180 2845 246 2884 nero
264 2848 318 2887 non
335 2834 424 2899 video,
440 2851 495 2887 nox
507 2836 642 2897 oboritur,
653 2839 681 2886 et
693 2849 794 2887 ocosse
805 2835 907 2902 caiigo.

79 2898 185 2953 Habet
200 2900 275 2960 haec
289 2908 387 2982 tigurs
404 2905 585 2963 mnnitenins
600 2903 716 2974 utquid.
750 2902 813 2958 Nun
833 2906 906 2961 enin

68 2973 193 3025 narrari
202 2991 265 3050 res,
276 2984 335 3041 sed
349 2983 400 3060 egi
411 2982 542 3041 videtur.
