1776 3330
173 490 379 548 urtoADES.
416 498 570 550 neit-lv.
720 504 770 552 215

29 619 40 650 ι.
56 600 141 651 Estne
153 598 256 667 aliquis,
271 599 413 651 Hecubam
424 603 469 668 qui
480 617 557 653 suam
568 604 620 655 dici
632 604 712 656 veliet

29 703 42 720 ..
54 668 150 720 lthaco
162 669 282 736 obtigisti
294 670 397 735 praeda
407 670 508 722 nolenti
518 673 617 724 brevis.

29 755 42 791 ι.
55 740 123 801 Quia
134 746 190 789 tam
198 739 333 804 impotens
345 754 378 790 ac
389 739 463 790 dirus
475 748 503 792 et
513 743 621 809 iniquae
634 742 708 795 serus
719 743 770 797 985

29 814 89 861 itor
99 823 182 860 umiae
192 809 301 876 regibus
312 824 391 875 reges
403 809 494 861 neunt

29 898 32 931 ι
43 886 101 931 tam
114 881 223 929 sinister
233 876 328 928 dividit
340 885 434 944 captas
445 879 528 931 deuel

29 969 32 998 ι
44 947 149 1000 arbiter
160 946 275 998 crudelis
286 954 314 996 et
326 949 430 999 miseris
441 951 531 1017 gravis

29 1034 76 1071 ere
86 1018 210 1068 dominos
222 1018 321 1077 nescit,
334 1024 361 1068 et
372 1033 455 1069 saeva
464 1034 547 1069 manu

30 1090 125 1156 iniqua
135 1087 240 1137 miseris
251 1084 326 1136 fatal
348 1089 407 1155 quis
418 1096 532 1141 matrem
545 1089 674 1139 Hectoris
719 1089 770 1140 999

29 1161 52 1210 is
63 1155 172 1209 Achillis
183 1154 298 1207 miscetl
318 1156 356 1207 Ad
371 1157 486 1223 Ulyssen
495 1157 598 1210 rocorl

29 1229 141 1287 evicta,
154 1242 224 1276 nunc
237 1226 359 1292 captiva,
371 1243 441 1277 nunc
453 1229 558 1279 cunctis
569 1226 635 1279 mihi

29 1312 87 1351 essa
98 1296 192 1347 videor
204 1294 337 1346 cladibus!
361 1295 469 1347 Domini
482 1297 574 1364 podet,

36 1366 185 1419 servitutis.
214 1364 344 1415 Hectoris
355 1366 470 1431 spolium
483 1366 563 1428 feret,
814 1399 818 1407 ·

29 1437 93 1488 tulit
102 1432 229 1486 Achillisl
251 1432 356 1486 Storilis
367 1442 396 1485 et
407 1437 496 1487 saevis
508 1435 586 1488 fretis
719 1436 770 1489 995

29 1521 74 1558 rsa
84 1505 163 1557 tellus
173 1519 227 1555 non
239 1505 313 1570 capit
324 1504 441 1557 tumulos
452 1521 537 1567 meos.

30 1615 38 1640 ,
50 1576 117 1638 duc,
129 1572 238 1641 Ulysse!
259 1573 297 1624 nil
308 1587 414 1638 moror3
426 1574 563 1627 dominum
575 1591 682 1645 sequor.

29 1662 85 1698 nea
94 1652 242 1712 sequentur
253 1641 325 1694 fata:
337 1658 390 1693 non
403 1644 500 1713 pelago
512 1647 588 1714 quies

29 1714 124 1784 aquilla
135 1715 239 1775 veniet,
250 1713 354 1765 saeviet
364 1716 450 1765 ventis
462 1731 546 1779 mare,

29 1786 98 1846 ella,
109 1791 137 1834 et
148 1784 232 1852 ignis,
246 1789 274 1833 et
284 1798 346 1834 ntea
356 1791 385 1834 et
394 1784 496 1836 Priami
508 1786 588 1837 mala.
701 1788 771 1838 1⁰⁰⁰

28 1869 92 1924 ique
101 1855 156 1905 ista
165 1854 398 1915 veniunt,interim
409 1852 462 1906 hoc
473 1871 578 1922 poenae
588 1856 650 1909 loco
663 1862 718 1909 est:

30 1941 75 1979 em
87 1924 232 1991 occupavi,
244 1925 393 1990 praemium
405 1926 490 1990 eripui
502 1925 559 1975 tibi.

29 1994 146 2047 incitato
158 1992 280 2060 Pyrrhus
291 1993 412 2044 adcurrit
421 1993 518 2061 gradu,

29 2078 105 2185 ugus
116 2070 206 2114 torro.
244 2061 364 2128 Pyrrhe,
377 2062 441 2180 ἳιὶᾶ
452 2061 560 2115 cessas!
583 2063 649 2129 Age,

30 2151 48 2186 u
70 2131 170 2184 elerro
182 2139 292 2199 pectus,
303 2139 331 2184 et
341 2133 379 2182 Ac
400 2132 451 2182 illis
461 2133 502 2183 tui
702 2132 770 2183 1⁰⁰5

29 2220 69 2255 ,un
90 2216 105 2254 ο
117 2201 240 2253 soceros!
253 2201 355 2269 Perge,
367 2207 503 2252 mactator
513 2215 621 2252 senum:

29 2276 55 2325 ie
67 2218 147 2324 gesat
158 2278 186 2323 te
197 2273 316 2340 sanguis.
352 2269 499 2338 Abreptam
509 2268 605 2322 trahit!

29 2342 104 2395 ulate
115 2356 229 2409 superos
241 2340 325 2392 caede
336 2339 445 2392 funesta
455 2341 531 2402 deos,

29 2412 103 2464 ulate
114 2409 223 2463 Manesl
246 2411 316 2473 Quid
329 2425 425 2477 precer
435 2409 530 2461 vobisl
551 2410 654 2461 Precor

29 2483 110 2551 digna
120 2482 205 2533 sacris
217 2495 344 2548 aequora.
379 2479 442 2531 Hoc
454 2480 534 2531 classi
547 2481 656 2531 occidat
702 2482 772 2531 1⁰1⁰

29 2598 30 2602 ,
41 2552 189 2619 Pelasgae,
200 2551 304 2601 ratibus
315 2548 368 2600 hoc
379 2550 449 2601 mille
462 2551 579 2612 accidat,

30 2638 45 2675 e
58 2621 207 2690 precabor,
219 2635 278 2672 cum
290 2617 387 2684 vehar,
399 2621 528 2689 quidquid
539 2620 604 2672 rati!

163 2739 331 2785 OHORUS
356 2741 575 2787 TROADUM.

29 2841 111 2886 Chorus
121 2840 328 2886 occmionasmnta
339 2841 368 2882 ab
380 2839 478 2883 Helenae
494 2840 554 2883 dicto
570 2854 640 2895 snpra
655 2852 711 2882 vers.
728 2841 770 2882 917

29 2906 79 2942 mat
89 2897 153 2942 tanti
159 2895 218 2940 mali
227 2896 360 2944 comitatus.
372 2899 462 2939 sotatur
470 2910 492 2938 se
503 2897 617 2938 communi
621 2897 682 2938 rnolo
691 2909 699 2942 ,·
711 2897 773 2952 quod

29 2969 43 2998 n
50 2955 162 3000 solatium
169 2951 225 3009 ipris
234 2951 318 2995 sortito
330 2952 446 2996 disiunctis
457 2954 561 2995 allatam
569 2951 636 3009 fore.

37 3046 125 3097 Dulce
134 3046 270 3096 moerenti
279 3047 401 3114 populus
415 3048 581 3113 dolentum,
