1912 3338
166 513 392 569 unucuhas
419 517 614 571 offrateus
640 521 728 572 ACT.
748 521 794 574 lv·
841 521 891 571 321

85 618 528 685 Ιδοταήοίῑωτὶιαραεῐοήεΐεή;
822 625 891 681 1205

86 688 149 742 Nou
158 690 267 757 gemine
274 703 400 754 serpens3
410 689 514 754 perdidi
524 699 654 752 mortem,
665 692 707 744 hei
718 693 791 755 mihi,

88 759 186 810 Totles
194 755 351 819 honestam
361 758 455 807 titulus
464 767 602 810 extremus
612 763 671 827 quis
680 763 738 814 est!

88 840 190 878 enos.
205 827 313 890 Viden',
324 833 354 877 ut
364 826 451 878 laudis
463 831 573 879 conscia
584 832 669 881 virtus

87 896 149 948 Non
162 893 300 949 Lethaeos
312 895 423 949 horreat
434 897 544 949 arrrnesl

88 966 179 1017 Pudet
191 968 324 1028 auctoris,
337 983 389 1017 non
400 975 488 1019 morte
500 967 582 1020 dolet.

89 1038 172 1101 Cupis
184 1043 335 1088 extremum
348 1036 424 1087 finire
436 1037 508 1087 diem

88 1106 177 1156 Vesta
187 1105 283 1156 tumidi
294 1105 365 1157 nrole
376 1108 504 1174 gigantis,

87 1176 124 1226 Et
135 1174 310 1239 montiferum
323 1176 424 1227 Titana
435 1178 502 1242 pati,

87 1244 263 1311 Rabideeque
275 1260 368 1294 necem
380 1246 479 1297 debere
492 1244 582 1310 lerae;

88 1313 143 1365 Seu
154 1322 202 1364 tua
213 1330 296 1364 causa
307 1322 349 1365 est
360 1315 513 1365 miseranda
522 1317 617 1382 nragis,

89 1384 170 1445 Quod
181 1383 254 1433 nulla
264 1382 323 1435 lera
334 1391 388 1445 est,
401 1384 541 1451 nullusque
551 1386 641 1453 gigas:

87 1455 144 1504 lam
156 1455 215 1519 quis
227 1453 323 1519 dignus
335 1456 408 1503 necis
421 1453 573 1505 Herculeae

85 1522 221 1590 Superest
232 1530 341 1583 auctor,
353 1525 401 1573 nisi
415 1524 511 1574 dextra
521 1521 586 1573 tual

88 1608 107 1641 u
115 1606 131 1641 e
139 1608 157 1643 n
165 1607 190 1643 c.
202 1592 277 1643 Heu!
299 1593 385 1659 qualis
395 1594 466 1643 intus
476 1595 612 1659 scorpios,
625 1595 684 1661 quis
695 1593 799 1646 fervido

87 1663 173 1729 Plaga
184 1662 306 1713 revulsus
314 1679 412 1712 cancer
423 1663 520 1713 inlisus
532 1678 606 1713 nreas
826 1667 893 1716 122⁰

88 1733 147 1782 Urit
159 1731 306 1783 medullas?
327 1731 470 1799 Sanguinis
482 1733 618 1799 quondam
630 1747 719 1799 capax

87 1802 195 1852 'l'umidi
207 1804 281 1852 iecur
294 1803 427 1868 pulmonis
439 1810 546 1853 mentes
557 1803 641 1854 fibras

87 1871 236 1930 Distendit;
249 1872 327 1921 ardet
340 1870 402 1923 selle
412 1874 515 1923 siccato
526 1874 610 1933 iecur,

84 1942 244 2005 Totumque
255 1940 343 1989 lentus
355 1942 512 2005 sanguinem
526 1943 618 1991 avexit
628 1955 722 2006 vapor.

87 2009 205 2058 l‘rimam
218 2015 306 2056 cutem
321 2011 482 2070 consumsit3
494 2007 555 2058 hinc
567 2010 670 2059 aditum
681 2009 758 2061 nefas
826 2013 893 2061 1225

86 2079 116 2128 ln
130 2075 252 2125 membra
263 2073 343 2136 fecit,
356 2076 467 2126 abstulit
478 2079 561 2127 costis
573 2077 653 2137 latus,

87 2145 187 2195 Exedit
195 2151 270 2194 artus
282 2146 397 2209 penitus,
409 2154 436 2194 et
449 2152 521 2195 totas
532 2146 631 2196 malum

88 2215 188 2264 Hausit
200 2213 344 2265 medullas:
357 2215 462 2265 ossibus
475 2216 567 2265 vacuis
580 2215 667 2266 sedet.

87 2283 112 2333 N
115 2298 146 2334 ee
157 2298 220 2332 ossa
231 2283 329 2333 durant
339 2286 412 2349 ipsa,
424 2285 471 2334 sed
484 2284 661 2352 compagibus

88 2355 217 2403 Discussa
229 2358 314 2418 ruptis
327 2354 396 2405 mole
408 2354 537 2420 conlapsa
548 2353 643 2404 lluunt.
825 2356 891 2405 1230

86 2421 197 2472 Defecit
207 2423 301 2489 iugens
314 2438 427 2489 corpus,
439 2429 467 2473 et
478 2426 546 2490 pesti
558 2425 624 2475 satis

86 2491 224 2543 Herculea
241 2506 294 2541 non
306 2498 369 2542 sunt
383 2494 512 2544 membra.
549 2493 637 2556 Proh,
650 2501 779 2561 quantum
791 2500 832 2544 cst

574 2565 684 2627 melum,

86 2630 166 2693 Quod
178 2646 238 2681 esse
249 2637 354 2681 vastum
366 2630 467 2682 lateorl
487 2648 503 2682 o
515 2632 602 2684 dirum
613 2633 703 2684 nefas!

85 2704 126 2753 En
138 2703 254 2762 cernite,
267 2701 361 2761 urbes,
374 2704 476 2753 cernite
488 2719 521 2753 ex
533 2704 578 2754 illo
592 2704 711 2755 Hercule

83 2771 156 2832 Quid
167 2773 220 2822 iam
231 2771 360 2837 supersit!
382 2773 529 2824 Herculem
542 2776 682 2841 agnoscis,
696 2771 789 2839 patei-l
824 2773 891 2822 1235

84 2841 170 2892 Hisne
182 2856 233 2909 ego
246 2841 355 2893 lacertis
365 2843 452 2909 spolia
464 2842 593 2895 Nemeaei
604 2843 667 2894 mali

84 2910 159 2961 Elisa
171 2910 272 2976 pressi!
295 2919 388 2963 tensus
398 2912 450 2964 liae
461 2929 541 2965 arem
553 2928 634 2963 manu

82 2981 168 3030 Astiis
181 2981 214 3030 ab
226 2982 291 3047 ipsis
303 2982 400 3032 detulit
411 2980 632 3049 Stymphalidas!

79 3050 134 3099 His
144 3065 195 3115 ego
208 3053 320 3103 citatam
330 3052 476 3122 gressibus
486 3055 545 3108 rici
554 3054 661 3120 leram,
