1920 3376
16 338 20 344 ,
45 363 49 373 ,
106 259 117 275 ⁵
134 283 290 355 uar'ua.
307 295 640 361 quassantium.
662 304 781 357 crea.
828 306 864 359 aa

56 437 128 492 quae
138 427 279 488 cogantur
290 422 317 470 in
330 419 461 485 lapidem.
497 422 640 483 Quaedam
652 430 765 485 tenues,
781 439 865 490 quar·

56 493 116 543 dam
129 492 263 559 pinguaes:
286 490 422 554 quaedam
434 491 521 551 alunt,
533 490 666 557 quaedam
680 495 739 543 sine
749 493 808 542 ulla
818 495 861 544 bi·

10 613 11 617 ,
56 562 145 611 bentis
159 576 213 627 ope
224 565 386 620 transeunt,
407 557 542 624 quaedam
560 559 676 613 haustae
691 560 863 613 foecundita-

11 659 12 662 =
56 629 257 681 remallerunt.

106 698 153 748 ΙΙΙ.
174 696 211 746 Ut
221 702 280 747 stet
292 710 374 762 aqua,
385 703 433 746 aut
445 694 524 757 lluat,
535 697 590 746 loci
602 697 705 765 positio
717 697 813 748 efficit:
834 700 862 748 iu

3 827 5 830 Υ
58 768 164 817 devexo
175 763 250 825 lluit,
271 767 298 815 in
311 765 393 831 plano
406 765 566 815 continetur
578 774 606 817 et
622 773 749 832 stagnat,
771 773 800 816 et
815 766 863 816 ali-

1 835 5 874 ,¹
57 835 168 901 quaudo
185 835 214 884 in
232 833 378 885 adversum
395 834 496 900 spiritu
513 834 683 900 impellitur:
708 843 773 884 tunc
789 837 863 901 cogi-

4 911 6 972 ᾗ
57 917 111 964 tur,
123 919 179 954 nou
192 901 262 953 lluit.
299 902 450 969 Colligitur
462 917 496 954 et
508 904 653 955 imbribus:
675 918 708 954 er
721 917 771 953 suo
783 903 863 954 fonto

1 991 3 1007 .
57 973 152 1023 natira
164 978 218 1023 est
234 969 309 1023 Nihil
322 979 414 1023 tamen
425 972 561 1037 prohibet,
575 973 671 1024 eodem
683 973 746 1024 loco
761 988 860 1039 aquam

1 1054 3 1064 ’
58 1043 171 1109 colligi,
183 1049 212 1091 et
224 1041 316 1092 nasei:
339 1041 411 1107 quod
425 1044 451 1093 in
463 1040 568 1092 Fucino
582 1042 723 1102 ridemus,
739 1045 766 1091 in
779 1056 860 1107 quoni

1 1105 3 1173 j
58 1114 161 1162 montis
172 1109 354 1172 circumiecti,
366 1111 497 1177 quicquid
510 1108 675 1173 ludit,tlurii
687 1111 861 1161 derivantur:

58 1181 106 1231 sed
122 1188 151 1232 et
162 1193 281 1246 magnae
293 1180 468 1247 latentesque
479 1182 507 1230 iu
526 1182 586 1246 ipso
603 1194 691 1231 renue
709 1185 788 1229 sunt:
811 1179 863 1230 ita-

3 1280 4 1283 =
59 1265 111 1315 que
121 1252 208 1301 etiarn
221 1263 303 1316 quum
316 1245 424 1299 hiberni
437 1248 578 1302 deduxere
590 1254 740 1312 turrentes,
760 1247 862 1300 faeiem

59 1335 135 1370 suam
147 1326 251 1370 serrat.

10 1407 16 1423 ⁹
110 1387 156 1438 tv.
176 1387 296 1438 Primum
309 1400 377 1452 ergo
389 1401 566 1452 quaeramus,
590 1385 730 1454 quomodo
746 1387 781 1438 ad
798 1401 861 1438 con·

58 1456 207 1507 tinuandos
219 1453 363 1506 fluminum
376 1471 471 1506 cursus
484 1464 559 1507 terra
568 1456 701 1518 sufficiat,
716 1457 788 1508 unde
801 1466 862 1508 tan-

58 1534 115 1577 tum
128 1540 263 1592 aquarum
280 1532 372 1576 exeat.
410 1525 558 1588 Miramur,
581 1526 655 1592 quod
672 1529 860 1577 accessionem

13 1622 14 1625 =
61 1595 203 1645 fluminum
215 1594 304 1644 maria
314 1610 369 1644 non
381 1597 512 1645 sentiant.
535 1598 629 1661 Aeque
639 1597 795 1647 mirandum
809 1605 862 1655 est,

60 1666 130 1730 quod
147 1665 318 1726 detrimenta
330 1664 488 1714 exeuntium
503 1672 578 1715 terra
589 1680 642 1715 nun
654 1668 749 1716 sentit.
787 1663 860 1725 Qum

60 1741 113 1794 est,
135 1731 209 1800 quod
222 1734 298 1783 illam
311 1733 351 1784 sie
362 1732 535 1797 impleverit,
557 1742 587 1784 ut
604 1734 738 1801 praebere
755 1743 860 1785 tantum

62 1817 94 1853 ex
107 1802 252 1853 recondito
266 1804 363 1867 possit,
374 1816 407 1853 ac
418 1803 534 1853 subinde
545 1806 587 1854 sic
596 1803 740 1869 suppleati
762 1804 861 1864 Quaru-

17 1911 18 1915 ,
63 1887 167 1938 cunque
188 1873 326 1922 rationem
346 1869 548 1923 reddiderimus
569 1873 602 1924 de
621 1873 744 1933 flumine,
765 1871 862 1923 eadem

64 1942 115 1991 erit
126 1941 250 1992 rirorum
263 1955 296 1988 ae
309 1939 438 1991 fontium.
911 1934 921 1949 ’

115 2008 146 2060 V.
168 2010 288 2073 Quidam
304 2009 436 2070 iudicant,
456 2015 570 2069 terram,
586 2008 719 2076 quidquid
732 2022 863 2073 aquarum

66 2079 163 2141 emisit,
175 2094 271 2130 rursus
284 2079 424 2144 accipere;
447 2084 475 2127 et
486 2077 521 2128 ob
534 2076 586 2129 hoe
598 2078 684 2128 maria
695 2092 748 2126 non
760 2090 865 2127 cresce·

21 2191 22 2196 ,
68 2163 102 2208 rr,
112 2150 178 2215 quia
188 2147 263 2215 quod
275 2146 395 2207 induxit,
408 2160 461 2196 nou
473 2146 501 2196 in
515 2162 594 2196 suum
606 2153 729 2207 vertunt,
739 2145 788 2196 sed
802 2160 866 2210 pro·

25 2261 36 2266 ,
65 2219 136 2268 tinus
156 2217 285 2268 reddunt.
324 2214 440 2266 Oecuito
462 2216 535 2266 enim
558 2218 660 2268 itinere
674 2217 750 2267 subit
766 2223 866 2274 terras,

68 2296 94 2336 et
111 2287 203 2353 palam
225 2287 314 2346 renit,
334 2291 443 2336 secreto
465 2287 630 2346 revertitur,
651 2286 814 2352 colaturque
836 2284 864 2334 in

33 2420 34 2423 Ἴ
69 2356 182 2407 transitu
195 2369 285 2406 orare:
297 2353 373 2422 quod
384 2368 434 2420 per
444 2353 613 2421 multiplices
626 2353 767 2406 anfractus
779 2361 865 2404 terra·

71 2438 123 2476 rum
136 2426 326 2484 verberatum,
337 2423 549 2475 amaritudinem
561 2427 648 2488 punit,
660 2431 687 2475 et
698 2425 867 2490 pravitatum

35 2554 44 2561 „
72 2497 172 2559 saporis
184 2496 212 2546 in
226 2501 306 2544 tanta
316 2492 372 2543 suli
384 2493 519 2545 varietate
530 2495 619 2553 eruit,
640 2499 668 2544 et
683 2494 711 2544 in
729 2493 867 2543 sinceram

59 2575 161 2630 aquam
174 2565 285 2615 transit.

36 2663 62 2700 „³
113 2630 160 2684 Vl.
180 2632 302 2696 Quidam
326 2632 496 2690 existimant,
518 2629 650 2698 quidquid
676 2645 709 2685 ex
731 2624 872 2681 imbribus

74 2704 281 2768 itmeonoipit,
303 2703 331 2750 in
342 2698 452 2752 dunrina
461 2715 559 2752 rursus
571 2703 674 2760 emitti.
712 2704 752 2760 at
763 2700 825 2758 huo
834 2705 898 2757 ar·'

38 2773 254 2876 *fflfflffl
265 2774 382 2846 me'r
399 2769 666 2839 rvvdrauctsnma
678 2779 808 2837 iluoiiua
821 2782 896 2835 sttui

85 2832 216 2889 aulacis,
238 2848 270 2879 m
280 2836 532 2900 quibusrarusest
546 2849 657 2911 imber.
698 2858 775 2917 ideo
798 2858 912 2916 siccas
