1920 3278
111 416 161 469 iot
296 356 304 380 ‘
411 414 631 469 SENECA-E

109 542 247 609 platinae,
262 547 294 591 ut
305 540 434 602 sciamus,
443 540 472 590 in
484 554 537 605 quo
550 553 639 590 rerum
651 544 726 590 statu
738 538 824 590 simus
836 559 843 592 :
866 541 908 606 pi·

118 613 255 662 rerrimsm
267 609 370 671 sortiti,
381 609 629 660 anrelocissimanr
641 610 747 659 sedem:
769 610 845 659 circa
856 623 909 660 nos

138 696 185 732 eus
197 678 302 739 carnia,
323 692 357 727 an
369 692 420 728 nos
430 683 503 744 agat.
540 677 731 729 Necessarium
746 686 790 728 cst
805 685 908 738 nutem,

110 755 217 798 veteres
228 753 306 797 onus
317 747 495 797 Cometarum
506 743 607 797 habere
619 746 762 797 collectos.
801 747 907 812 Depre·

110 813 191 867 heudi
212 814 284 865 enim
302 820 413 881 propter
427 814 571 865 raritatem
587 828 682 865 eorum
698 830 796 866 corsus
813 813 905 866 adhuc

109 901 162 936 non
176 890 277 950 potest,
288 899 337 934 nec
349 882 500 948 explorari,
515 898 549 934 an
561 883 634 934 riccs
647 889 773 944 servent,
794 890 824 933 et
838 883 904 933 ilios

110 952 144 1003 ad
160 966 239 1004 suum
256 952 328 1003 diem
345 957 438 1002 certus
459 950 528 1003 ordo
548 950 693 1018 producat.
729 950 809 1001 Nora
833 949 905 1003 haec

109 1022 271 1073 coelestium
284 1020 512 1082 observationi,
531 1025 560 1071 ei
570 1034 656 1086 nuper
665 1020 694 1069 in
707 1019 854 1072 Graeciam
865 1021 904 1071 in·

108 1096 195 1142 recta.

160 1158 207 1210 iii.
226 1156 405 1208 Democritus
421 1172 544 1224 quoque,
559 1155 757 1207 subtilissimus
777 1157 905 1223 antiquo·

108 1241 168 1277 rum
180 1228 309 1288 omnium,
317 1226 453 1292 suspicari
464 1227 504 1276 nit
515 1241 553 1287 se,
561 1224 904 1291 piuresstciituessequae

109 1303 233 1348 currant:
245 1293 293 1347 scd
305 1310 504 1347 necoumerum
515 1295 626 1345 illarum
638 1296 739 1359 posuit,
752 1309 802 1346 nec
817 1295 904 1344 nomi-

109 1379 154 1426 na,
166 1363 287 1416 nondum
300 1361 504 1430 comprehensis
516 1362 903 1430 quinquesiderumcursiirus.

109 1433 242 1485 Eudoxus
255 1432 358 1499 primus
369 1432 403 1484 ab
414 1433 540 1499 Aegypto
552 1430 601 1482 ios
612 1438 703 1483 motus
717 1432 744 1482 in
755 1431 903 1485 Graeciam

110 1503 261 1554 transtulit.
296 1503 352 1553 iiic
372 1509 464 1552 tannen
481 1502 515 1553 de
530 1501 650 1551 cometis
666 1499 734 1552 nihil
746 1501 823 1553 dicit.
861 1501 903 1551 Ex

111 1586 165 1637 quo
176 1576 299 1636 apparet,
313 1585 347 1622 oe
359 1569 430 1636 apud
442 1571 592 1636 Aegyptios
605 1570 723 1635 quidem,
738 1570 838 1636 quibus
849 1583 904 1620 ma·

110 1639 155 1690 ior
167 1640 236 1690 coeli
250 1653 316 1689 cura
328 1638 390 1701 init,
401 1638 469 1690 hanc
480 1645 586 1705 partem
599 1637 779 1689 elaboratam.
807 1641 832 1690 2
854 1641 904 1690 Co·

111 1723 165 1759 non
181 1713 278 1773 postea
293 1707 411 1775 diligens
436 1714 464 1759 et
479 1708 539 1773 ipse
554 1707 713 1772 inquisitor,
734 1705 904 1759 defectiones

110 1775 220 1845 quidem
233 1777 301 1827 solis
311 1784 435 1828 serratas
447 1772 481 1827 ab
491 1778 635 1843 Aegyptiis
647 1776 776 1842 collegit,
798 1776 902 1827 nuliam

111 1852 203 1898 autem
226 1846 390 1897 mentionem
409 1844 476 1896 iecit
498 1846 687 1896 Cometarum:
709 1861 763 1895 non
781 1853 903 1911 praeter·

110 1916 257 1976 missurus,
278 1914 382 1981 siquid
400 1914 536 1980 explorati
557 1913 628 1980 apud
640 1913 704 1963 ilios
715 1914 903 1980 comperisset.

109 1984 173 2034 Duo
184 1993 272 2043 certe,
294 1983 340 2048 qui
355 1981 429 2048 apud
442 1980 596 2033 Chaldaeos
608 1981 750 2033 studuisse
760 1997 791 2033 se
802 1982 904 2042 dicunt,

109 2053 247 2120 Epigenes
258 2058 285 2102 et
298 2050 459 2117 Apollonius
471 2049 611 2117 Myndius,
621 2051 808 2116 peritissimus
820 2051 904 2116 inspi-

110 2122 267 2173 ciendorum
280 2121 422 2180 natuiiunr,
434 2120 506 2170 inter
516 2135 546 2171 se
558 2118 701 2171 dissident.
728 2118 754 2171 3.
765 2121 820 2171 iiic
831 2121 901 2171 enim

109 2192 162 2252 ait,
182 2192 311 2241 cometas
322 2190 350 2240 in
367 2203 479 2240 numero
490 2188 635 2241 stellarum
648 2188 798 2240 errantium
811 2189 875 2255 poni
886 2201 904 2238 ι

109 2258 265 2317 Chaldaeis,
286 2259 429 2323 tenerique
440 2273 538 2308 cursus
551 2272 655 2309 corum.
691 2258 829 2324 Epigenes
839 2270 903 2308 con-

107 2326 217 2387 tradit,
237 2325 390 2376 Chnidaeos
401 2323 468 2376 nihil
480 2326 514 2377 de
527 2327 650 2379 Conietis
660 2323 762 2377 habere
776 2339 901 2392 compre·

107 2394 194 2454 irenei,
216 2393 265 2444 sed
277 2392 365 2444 rideri
376 2394 441 2444 iiios
453 2395 566 2447 accendi
577 2396 687 2448 turbine
698 2394 818 2460 quodam
831 2394 902 2446 airis

109 2462 242 2516 concitati
253 2468 281 2513 et
291 2461 399 2512 intorti.

160 2529 206 2580 Ν.
219 2529 337 2584 Primum
351 2530 458 2596 ergo,si
469 2531 520 2583 tibi
534 2531 653 2594 videtur,
664 2533 810 2598 opiniones
820 2532 901 2584 liuius

107 2613 251 2668 ponamus,
272 2614 304 2649 ac
325 2598 492 2653 refellamus.
529 2601 603 2653 Huic
624 2602 733 2653 ridetur
754 2602 902 2669 plurimum

107 2668 207 2719 uirium
220 2666 337 2731 habere,
357 2670 392 2720 ad
410 2684 504 2721 omnes
518 2670 677 2721 sublimium
689 2677 799 2732 motus,
819 2671 904 2723 steila

109 2736 229 2790 Saturui.
267 2738 344 2789 iiaec
358 2752 440 2805 quum
456 2736 584 2805 proxima
598 2741 677 2806 signa
695 2739 904 2807 Martipremit,

107 2814 158 2859 aut
169 2807 197 2858 in
213 2807 309 2859 Lunae
323 2806 452 2858 viciniam
469 2810 583 2867 transit,
604 2814 654 2859 aut
674 2810 700 2858 in
716 2806 792 2861 Solis
806 2809 906 2861 incidit

87 2874 199 2937 radios,
213 2882 316 2930 nutura
330 2883 448 2929 ventosa
460 2883 488 2928 et
499 2874 605 2945 frigida
624 2876 765 2929 contrahit
779 2879 905 2947 piuribus

72 2935 150 2991 lor-1¹1
161 2946 242 3009 aeia,
259 2947 483 3023 congioirntque.
521 2949 549 3006 2.
569 2946 681 3005 Deinde
690 2946 906 3004 siradius-Solis
