1920 3376
258 118 424 168 constitutas
436 117 588 167 examinat:
602 133 634 167 ne
647 118 801 182 portionum
814 131 827 168 a

258 194 297 247 ta,
310 184 425 235 mundus
438 185 649 250 praeponderet.
686 187 785 236 Omnia
796 186 823 236 in

260 256 321 306 Nun
333 263 437 304 tanturn
449 258 497 305 aer
507 257 534 304 iu
548 256 638 321 ignem
650 256 763 316 transit,
782 251 829 306 aed

259 326 321 392 igne
333 333 385 374 eat.
425 323 546 373 ttetruhe.
557 323 596 373 iiii
609 322 745 374 cuiurenr:
757 323 830 390 rigea

259 393 374 443 rabitur.
412 394 524 441 'i'rausit
535 396 583 440 aiii·
595 393 620 440 in
635 389 789 442 humorem:
811 407 831 441 a·

259 477 312 511 nun
329 461 387 510 aine
403 458 525 510 humore.
561 460 588 508 4.
609 462 643 510 Et
658 462 723 510 atra
734 469 761 511 et
773 475 832 526 aqui

259 531 306 580 aed
320 545 372 578 nun
385 528 470 594 magia
484 542 601 593 unquam
613 528 672 578 aine
684 544 755 594 aqua
767 537 834 594 est‚r

262 601 296 649 Et
307 596 369 647 ideo
380 596 491 646 facilior
507 597 623 647 invicem
641 600 774 648 transitus
791 608 833 648 est

258 665 534 732 quaen-ausentium
546 672 601 728 est,
623 666 676 716 iarn
696 670 782 717 mixta
797 675 835 715 est

258 743 333 786 terra
345 731 500 784 humorem:
521 732 592 784 hune
603 736 743 800 exprimit.
780 737 836 785 ttat

258 802 355 853 umbra
372 802 479 852 hiberni
496 803 609 870 trigoria
624 804 734 863 densat,
756 810 787 854 ut
803 803 836 854 iai

258 874 320 936 ipsa
337 886 445 938 qunque
463 873 605 925 mutabitis
622 879 664 924 eat
678 872 707 924 in
718 872 833 925 humore

261 942 355 992 utitur.

313 1010 357 1059 Xi.
371 1008 461 1070 „Quid
474 1025 540 1075 ergo
549 1008 560 1056 i
570 1010 672 1076 inquis:
683 1011 706 1060 ai
719 1015 836 1076 perpetu

260 1079 358 1148 quibua
370 1077 482 1129 flumina
494 1080 631 1141 oriuntur,
643 1093 675 1129 ac
686 1079 791 1131 fontes:
809 1094 836 1146 qr

259 1147 740 1214 siccantur,atiquaud0,quibuanon
753 1148 830 1199 tuere

261 1217 348 1283 Saepe
360 1224 435 1267 rnotu
448 1225 583 1267 terrarum
596 1219 699 1268 itinera
710 1218 836 1269 turbantu

261 1285 405 1337 teracindit
422 1300 522 1351 aquas,
544 1300 615 1352 quae
631 1293 756 1337 retentae
773 1301 836 1337 nort

259 1360 333 1413 runt,
349 1359 378 1403 et
388 1353 482 1417 aliquo
494 1355 597 1419 impetu
610 1354 724 1417 faciunt,
740 1363 788 1407 aut
800 1355 836 1422 ipr

260 1437 294 1473 ne
307 1429 397 1472 terrae
409 1420 522 1473 aliunde
533 1424 590 1472 alin
602 1425 813 1468 transennam-2
