1702 3300
349 22 478 88 Uten'que
489 9 607 69 noudum
617 20 754 71 ium
763 33 832 72 em

349 91 450 142 Etiam
463 87 587 140 timebar.
623 85 752 139 Protinus
764 103 832 156 quos

349 159 411 211 Nox
422 158 580 225 occuparit,
593 162 620 207 et
631 172 720 210 novae
729 158 784 211 luci
795 159 832 210 aba

349 231 426 281 Mors
437 243 480 279 rue
492 228 647 280 antecessit.
682 227 785 296 Aliquis
795 229 832 279 int

291 302 341 351 25⁰
352 299 479 351 Materna
488 298 571 350 letum
583 299 745 365 praecoquis
757 297 832 349 satit

353 367 407 420 Sed
418 367 547 436 numquid
559 373 587 418 et
598 366 741 434 peccaritt
757 368 832 419 Abstr

352 439 524 506 Dubiumque
536 453 570 487 an
582 451 683 499 essem,
694 437 805 489 sceleris
816 439 832 488 ir

352 508 428 560 Deus
439 509 503 576 egit.
540 506 589 558 1110
600 512 672 558 teste
684 506 821 558 damnarit

352 577 501 644 Calidoque
513 582 622 628 teneros
635 578 752 628 transuit
761 576 832 628 ferre

292 647 342 698 255
354 640 390 698 Et
400 648 428 698 in
439 647 495 697 alta
506 661 619 698 nemora
629 646 757 714 pabulum
768 647 832 698 misr

351 717 503 784 subusque
514 718 617 777 saeris,
628 732 695 784 quas
706 714 832 768 Cithaero

352 788 454 837 cruore
465 801 547 852 saepe
558 801 588 837 re
609 787 634 837 ὀ
646 787 745 839 tinctas
756 786 813 838 alit.

351 854 406 907 seu
417 871 495 924 quern
507 855 573 907 deus
603 858 735 917 armarit,
746 856 829 908 abieci

349 926 427 978 Mors
439 941 546 994 quoque
556 925 666 995 refugit.
703 927 827 979 Praestit'

289 997 339 1048 260
353 996 511 1049 Genitorem
523 995 636 1048 adortus
645 997 730 1065 impia
739 996 824 1049 strar}

349 1068 411 1118 Hoc
422 1066 513 1134 aliqua
524 1068 611 1134 pietas
623 1066 754 1118 redimet?
765 1096 798 1106 -
810 1065 824 1120 t

349 1136 403 1189 Sed
415 1142 530 1189 matrem
540 1137 637 1188 amavi.
673 1134 822 1206 Proloquil

348 1206 511 1275 Taedasque
523 1215 644 1270 nostras3
655 1204 705 1257 has
716 1213 821 1275 quoqut

347 1278 389 1327 Te
400 1293 468 1345 coge
480 1292 591 1343 poenas.
626 1277 745 1328 Facinus
755 1279 819 1345 igno

288 1345 337 1397 265
349 1347 508 1397 Inusitatum
521 1346 619 1409 effare,
631 1346 703 1415 quod
715 1346 817 1414 populi*

348 1415 428 1472 Quod
440 1430 499 1466 esse
511 1415 612 1467 factum
624 1416 697 1466 nulla
709 1432 765 1466 uua
773 1414 816 1469 aet
