1776 3330
97 460 148 514 224
267 455 300 506 la.
329 453 485 505 annam
514 450 707 506 SENECAE

156 560 203 613 Sol
214 560 336 628 generis,
348 564 376 609 et
386 564 539 625 spectatur,
551 565 579 609 et
593 574 673 608 curru
687 560 807 612 insidens

112 634 146 684 3⁰
157 631 212 683 Per
221 629 303 680 solita
313 630 373 695 puri
385 629 475 694 spatia
485 627 604 679 decurrit
616 628 691 694 polii

154 699 217 751 Non
228 698 334 750 reditio
346 703 436 758 omns,
447 703 476 748 et
486 698 628 748 remetitur
638 697 727 750 diem!

154 772 213 831 Da,
226 768 261 819 da
271 782 321 834 per
332 781 414 817 auras
425 766 548 816 curribus
559 767 655 832 patriis
666 766 743 820 vehi!

156 840 303 893 Committe
314 835 449 897 habenas,
461 837 582 902 genitor,
594 843 623 886 et
633 836 813 905 flagrantibus

157 908 276 977 lgnilera
285 906 350 956 loris
361 904 450 955 tribue
460 904 597 955 moderari
607 906 687 973 iuga:

114 979 149 1030 35
161 979 276 1030 Gemino
290 972 436 1026 Corinthos
446 974 538 1025 littora
551 989 694 1041 opponens
704 990 796 1027 moras

159 1050 286 1098 Cremata
296 1043 411 1094 llammis
422 1044 508 1094 man'a
519 1045 673 1095 committet
685 1044 749 1095 duo.

157 1116 221 1167 Hoc
233 1120 319 1166 restat
329 1127 421 1175 unum,
432 1113 582 1180 pronubam
595 1111 719 1165 thalamo
730 1113 816 1166 feram

158 1187 196 1236 Ut
206 1187 266 1252 ipsa
276 1185 377 1251 pinum,
389 1190 504 1250 postque
515 1183 658 1235 sacrificas
670 1199 767 1252 preces

160 1254 279 1306 Caedem
289 1253 386 1306 dicatis
396 1252 519 1303 uictimas
530 1252 670 1305 altaribus.

114 1325 151 1376 to
161 1324 216 1376 Per
227 1324 333 1375 deeora
343 1323 404 1389 ipsa
413 1337 513 1390 quaere
524 1322 657 1388 supplicio
668 1324 751 1383 mam,

160 1392 190 1445 Si
199 1394 276 1465 ripis,
287 1391 388 1443 anime!
399 1393 422 1442 si
434 1391 495 1458 quid
509 1392 612 1459 antiqui
622 1392 670 1442 tibi

160 1464 294 1514 Remanet
304 1462 414 1529 vigoris:
434 1460 503 1528 pelle
515 1460 648 1511 femineos
658 1468 758 1523 metus,

159 1534 197 1583 Et
206 1529 397 1599 inhospitalem
409 1531 560 1581 Caucasum
573 1538 663 1581 mente
674 1532 769 1583 indue!

162 1601 350 1667 Quodcunque
361 1600 428 1650 vidit
438 1598 535 1650 Phasin
547 1607 595 1650 aut
606 1600 712 1652 Pontus
723 1601 807 1662 nefas,

117 1672 152 1723 45
162 1669 276 1721 Videbit
286 1667 413 1720 isthmos.
450 1667 546 1720 Effera
552 1671 671 1737 ,ignota,
683 1669 801 1733 horrida,

161 1738 316 1790 Tremenda
327 1738 403 1790 coelo
416 1740 519 1804 pariter
530 1741 654 1790 aeternis
665 1741 737 1791 mala

160 1810 239 1860 Mens
249 1809 322 1859 intus
333 1809 434 1875 agitat3
445 1808 566 1871 uulnera,
585 1816 614 1860 et
626 1811 748 1873 caedem,
759 1816 786 1862 et
796 1815 872 1874 ragull

89 1937 93 1947 ,
160 1880 253 1931 Funus
264 1894 314 1945 per
323 1885 408 1929 artus.
445 1877 532 1929 Levia
543 1882 692 1930 memorati
703 1882 788 1931 nimis.

160 1949 239 2001 llaec
250 1951 327 2016 uirgo
338 1947 400 2010 leoi3
413 1949 523 2015 gravior
533 1956 650 2016 exurgat
661 1950 752 2001 dolor:

118 2021 151 2071 5⁰
162 2020 270 2070 Maiora
280 2021 332 2068 iam
344 2033 387 2068 me
398 2017 503 2069 scelera
514 2024 577 2084 post
588 2026 683 2085 partus
694 2020 797 2071 decent

160 2090 323 2157 Accingere,
334 2089 388 2149 ira,
400 2095 482 2154 teque
493 2089 520 2137 in
532 2089 645 2139 exitium
656 2105 725 2156 para

160 2159 266 2209 Furore
277 2156 351 2208 toto!
372 2158 450 2223 paria
460 2165 605 2208 narrentur
616 2158 665 2209 tu'a

160 2228 285 2294 Repudia
295 2225 434 2277 thalamis!
453 2229 515 2290 Quo
526 2228 611 2277 tirum
624 2229 721 2296 linquis
732 2223 823 2278 modol

161 2297 237 2358 Hoc,
250 2312 302 2364 quo
315 2303 411 2347 secuta
422 2311 464 2347 es.
505 2296 610 2363 Rumpe
621 2300 677 2349 iam
688 2313 782 2366 segnes
797 2300 877 2344 morast

118 2366 151 2415 55
165 2367 241 2426 Quae
257 2366 360 2418 scelere
375 2372 456 2432 parta
470 2374 525 2427 est,
537 2366 640 2418 scelere
650 2366 791 2435 linquenda
801 2357 876 2414 caldi·

631 2452 699 2488 mus*

415 2590 593 2636 CHORUS.

159 2688 395 2731 Chonuemulr'eribur
407 2688 531 2733 Corinthiis
541 2689 659 2734 [monisse
670 2682 870 2744 ormacmaeptl'so'·

102 2745 239 2788 thalamorum
246 2745 369 2800 praecinit.

162 2837 203 2894 Ad
213 2853 308 2911 rogum
317 2835 452 2908 thalamos
465 2839 573 2891 nunrine
585 2856 726 2908 prospero,

164 2917 223 2984 Qui
233 2913 345 2969 eoelum
353 2908 468 2978 Superi,
478 2908 577 2975 quique
584 2917 678 2975 regunt
688 2910 788 2967 fretum,

163 2993 284 3059 Adsint,
298 3002 365 3042 oum
374 2979 489 3054 populis
497 2976 725 3028 meins-eunius.
