1912 3338
127 362 179 461 «3⁸⁰2
295 407 327 456 1,.
349 405 506 456 ‚lNNdEl
530 404 724 457 SENECAE

192 511 308 562 Arcadia
318 524 414 576 nempe
424 511 515 578 virgo,
527 509 665 559 Palladios
678 507 778 562 choros

189 583 261 632 Duru
273 582 371 642 nectit,
385 581 473 646 Auge,
486 581 539 629 u'm
551 581 639 645 stupri
650 594 732 644 passa
743 579 848 642 excidit,

188 650 349 717 Nullamque
362 651 462 699 amoris
473 650 574 700 retinet
585 647 714 700 llerculei
726 656 825 702 notam.

126 719 179 770 3¹1⁰
190 719 318 770 Referam
329 719 392 786 quid
403 717 486 768 aliasl
508 717 613 784 Nempe
625 716 796 786 Thespiades
804 724 903 779 rurant,

187 789 324 855 Brevique
335 790 362 838 iu
372 787 432 838 illas
443 788 511 839 arsit
520 787 627 838 Alcides
639 786 709 839 face.

189 858 299 925 Hospes
310 857 409 908 Timoli
420 856 538 922 Lydiam
549 856 618 907 fovit
628 872 735 919 numm,

190 929 227 978 Et
238 942 331 978 amore
342 932 439 992 captus
451 926 486 976 ad
497 925 571 977 leves
582 926 654 977 sedit
665 928 751 989 colos,

189 998 277 1048 Udum
290 995 375 1048 leroei
386 996 662 1064 stamen'intorquens
674 1012 779 1048 uranus

128 1068 179 1119 tto
192 1067 294 1132 Nempe
306 1066 353 1116 illa
364 1068 457 1117 cervix
468 1066 556 1132 spolia
567 1066 696 1133 deposuit
706 1066 791 1130 ferae,

190 1137 350 1202 crinemque
361 1137 442 1186 mitra
452 1138 565 1203 pressit,
577 1144 606 1186 et
616 1134 733 1188 famulus
744 1140 828 1199 stetit,

92 1215 95 1221 ·
163 1234 165 1237 .
189 1205 299 1255 llirtarn
311 1204 419 1256 Sabaea
429 1205 565 1255 marcidus
576 1205 688 1271 myrrha
698 1222 812 1258 eomaur.

190 1274 295 1341 Ubique
308 1274 404 1336 caluit,
415 1274 462 1326 sed
474 1275 526 1325 leri
538 1275 620 1325 caluit
632 1275 706 1338 ἶπες

191 1345 314 1395 Haerere
326 1351 449 1395 amantes
461 1352 523 1411 post
535 1359 619 1413 vegos
629 1347 706 1413 ignes
717 1347 812 1398 solent.

129 1413 180 1464 88⁰
191 1413 367 1466 Famrrlsmne
380 1420 409 1464 et
418 1412 504 1465 hostis
516 1413 654 1481 praeferet
664 1421 774 1482 gnatam
787 1416 848 1467 tibil

190 1498 210 1533 u
217 1495 308 1533 orsu.
320 1484 356 1534 Ut
365 1483 423 1534 alta
433 1483 516 1535 silvas
526 1482 616 1534 forma
625 1492 771 1536 vernantes
782 1484 867 1543 habet,

192 1555 267 1615 Quas
278 1568 390 1605 nemore
402 1554 474 1604 nudo
487 1555 588 1620 primus
599 1555 710 1605 investit
720 1561 812 1621 tepor3

190 1623 225 1671 At
235 1637 297 1672 curu
308 1623 414 1673 solutos
425 1623 530 1689 expulit
541 1624 644 1675 Boreas
656 1623 754 1686 Notos,

191 1692 228 1742 Et
238 1706 321 1741 saeva
332 1697 405 1741 totas
416 1691 514 1743 bruma
524 1693 645 1744 decussit
656 1708 757 1754 eomas,

130 1759 181 1812 385
192 1760 325 1810 Deforme
336 1761 402 1811 solis
414 1763 532 1828 adspicis
543 1765 645 1813 trusus
656 1778 763 1813 nemus:

191 1828 236 1881 Sio
248 1836 341 1881 nostra
351 1830 463 1900 longum
475 1830 565 1883 forma
575 1848 736 1899 percurrens
748 1834 808 1896 iter,

188 1900 324 1968 Depordit
335 1900 435 1969 aliquid
446 1918 567 1969 semper,
579 1909 608 1953 et
618 1901 704 1970 fulget
715 1905 808 1967 minus,

189 1969 248 2021 Neo
257 1970 304 2021 illa
315 1985 399 2023 renus
410 1980 459 2025 est.
498 1970 634 2039 Quidquid
645 1974 671 2022 in
683 1973 760 2024 nobis
771 1973 821 2025 fuit

189 2040 261 2091 Olim
272 2043 401 2108 petitum,
414 2042 513 2092 cecidit
524 2048 553 2093 et
563 2047 643 2108 partu
654 2043 742 2103 laban

126 2110 178 2162 390
189 2110 332 2178 Materque
344 2112 456 2162 multum
469 2112 560 2177 rapuit
570 2125 603 2162 ex
614 2111 660 2161 illo
672 2111 745 2173 mihi,

187 2181 270 2231 Aetas
282 2182 367 2232 citato
378 2183 470 2233 senior
482 2182 581 2248 eripuit
591 2181 687 2248 gradu.

188 2248 286 2313 Vides,
298 2257 328 2300 ut
339 2250 422 2302 altum
434 2248 536 2302 famula
547 2265 601 2303 non
614 2252 712 2317 perdat
722 2251 819 2302 decuti

189 2320 302 2371 Cessero
313 2320 402 2372 cultus
412 2324 534 2389 penitus,
546 2326 574 2371 et
584 2321 689 2387 paedor
698 2322 790 2378 sedet,
859 2350 862 2355 .

41 2434 51 2458 ·
126 2390 793 2527 uslidiiliillli{llisslililliffl
861 2415 865 2423 '

188 2526 246 2576 Nisi
258 2543 342 2596 regna
352 2533 443 2580 traxit.
480 2531 534 2580 llic
546 2545 635 2580 meum
648 2537 744 2596 pectus
757 2532 845 2592 timor,

186 2597 286 2658 Altrix,
298 2598 420 2663 lacessit;
432 2598 475 2649 hio
488 2601 560 2665 rapit
570 2613 681 2650 somnos
693 2615 785 2665 pavor.

185 2666 333 2718 Praeclara
343 2670 410 2719 totis
420 2667 548 2737 gentibus
560 2670 660 2720 coniux
672 2684 761 2729 eram3

186 2735 388 2804 'Thalamosque
400 2746 510 2789 nostros
521 2739 612 2795 invido
624 2746 690 2789 voto
701 2755 783 2790 nurus

122 2803 176 2858 too
187 2806 310 2876 Optabat
320 2810 420 2859 omnies
431 2824 484 2875 quo
496 2808 574 2859 nimis
585 2810 706 2877 quisquis
717 2808 783 2862 deos

187 2878 298 2936 Orabat
305 2878 387 2933 ullos.
415 2876 537 2929 pusitius
547 2878 675 2944 Argolicis
686 2877 724 2930 rut

187 2958 334 3015 Metitur&
342 2954 412 3006 toti.
446 2945 840 3009 Queruxemueewxdqmu„
