1912 3338
298 561 492 612 ocr'lvll.
513 563 591 610 ACT.
603 562 623 610 l.

75 668 253 732 Renovatque
264 664 354 713 luctus
366 671 393 714 ct
404 667 492 714 metus
504 669 620 716 miserae
631 664 704 716 mihi.

75 736 159 787 Adice
171 733 212 784 his
223 732 368 799 superbam
381 733 520 799 pellicem,
533 740 642 785 nostrae
655 736 751 787 domus

78 804 178 871 spoliis
190 805 333 865 nitentcm3
346 807 422 853 cuius
433 804 459 852 in
473 819 570 853 munus
581 819 658 855 suam

76 874 191 940 Stygiae
205 880 345 941 parentem
358 880 437 923 natus
449 874 578 939 imposuit
588 877 649 934 rati,

79 946 166 1006 Quam
178 943 238 993 dira
249 950 311 1008 post
322 941 465 1010 naufragia
477 951 607 1010 superato
619 944 685 994 mari

75 1014 163 1065 Ferro
174 1014 324 1072 interemit,
336 1014 445 1063 saevior
456 1014 544 1080 pelagi
557 1012 642 1064 fretis.

77 1086 154 1146 Quae
166 1098 229 1148 spes
240 1082 335 1132 salutis
346 1090 410 1148 post
420 1081 498 1133 nefas
509 1089 613 1132 tantum
625 1081 706 1133 mihil

77 1153 190 1204 lnimica
201 1153 298 1202 victrix
309 1153 432 1203 imminet
442 1149 568 1202 thalamis
579 1153 660 1217 meis;

78 1222 203 1289 Odioqne
215 1223 301 1271 nostri
312 1219 425 1289 flagrat,
436 1228 464 1272 et
476 1224 591 1289 pretium
604 1225 691 1294 stupri

42 1324 44 1329 ,
77 1294 169 1344 lustae
180 1292 306 1342 maritum
320 1291 442 1358 coniughr
455 1298 548 1358 captat
559 1301 650 1359 caput.

78 1366 225 1430 Emergere
237 1361 329 1422 undis,
341 1367 369 1411 et
380 1358 423 1410 fer
434 1360 562 1411 auxilinm
575 1368 638 1413 tuae

78 1432 167 1483 Natae
177 1432 312 1481 invocanti
322 1468 329 1491 ,
339 1432 460 1497 genitor,
473 1438 520 1481 aut
533 1429 645 1499 Stygios
656 1433 729 1482 sinus

78 1501 189 1553 Tellure
201 1507 283 1565 rupta
294 1500 397 1567 pande,
410 1516 463 1568 qno
475 1516 607 1568 praeceps
620 1500 706 1552 ferar!

78 1584 144 1622 nur
153 1584 179 1620 a
190 1570 305 1620 Frustra
317 1572 436 1635 parentis
446 1572 557 1621 invocas
569 1586 663 1622 manes
674 1572 723 1632 tui,

76 1638 245 1700 Miseranda,
256 1638 367 1700 frustra,
379 1639 452 1691 nulla
462 1641 504 1691 cui
517 1640 600 1707 prolis
612 1657 677 1692 snae

76 1711 174 1762 Manet
183 1711 256 1760 inter
265 1709 375 1760 umbras
386 1726 467 1773 cura;
479 1712 524 1778 qui
535 1720 600 1762 nato
612 1726 662 1762 suo

78 1779 225 1832 Praeferre
236 1782 326 1847 potuit
336 1783 465 1849 sanguine
478 1781 566 1832 alieno
577 1789 677 1843 satum,

80 1850 261 1918 Genitamque
273 1849 364 1902 fratris
378 1852 520 1919 coniugem
533 1860 629 1919 captus
640 1849 690 1903 sibi

78 1921 160 1972 Toris
171 1919 295 1971 nefandis
308 1920 389 1970 flebili
400 1923 486 1970 iunxit
499 1921 567 1971 lace.

78 1990 151 2040 Hinc
162 1994 225 2039 orta
236 1991 319 2039 series
329 1989 495 2049 facinorum,
508 1991 621 2052 caedes,
635 1989 699 2051 doli,

77 2059 165 2126 Regni
175 2057 288 2123 cupido,
300 2059 436 2125 sanguinis
448 2058 498 2108 diri
509 2059 581 2109 sitis:

78 2128 205 2179 Mactata
215 2128 303 2176 soceri
315 2126 435 2177 concidit
447 2124 572 2178 thalamis
584 2143 667 2194 gener

78 2195 212 2258 Victima,
223 2197 277 2246 tuis
288 2212 321 2247 ne
333 2196 411 2247 tieret
422 2194 579 2262 hymenaeis
592 2203 698 2263 potens.

78 2265 153 2319 Proh
164 2264 271 2316 facinus
282 2265 389 2334 ingens!
402 2265 519 2319 sentinae
530 2274 574 2319 est
585 2283 681 2324 munus
692 2267 772 2318 datus

79 2336 201 2397 Silanus,
213 2342 240 2387 et
251 2351 348 2388 cruore
361 2334 483 2387 foedavit
494 2352 543 2387 suo

77 2408 188 2460 Patrios
199 2413 321 2525 genates,
333 2407 450 2458 criminis
462 2408 517 2457 ficti
529 2423 600 2458 reus.

77 2477 193 2529 lntrarit
225 2478 292 2526 ostis
304 2474 346 2526 hei
358 2475 434 2527 mihi!
448 2483 556 2544 captam
568 2478 677 2528 domum

76 2547 157 2600 Dolis
167 2561 316 2607 novercae,
329 2547 463 2613 Principis
474 2546 564 2598 factus
574 2563 667 2616 gener,

77 2618 208 2685 Idemque
217 2621 311 2679 natus,
323 2617 426 2667 iuvenis
437 2616 540 2668 infandi
551 2619 642 2686 ingeni

78 2689 226 2755 &paxque
237 2687 383 2747 scelerum,
395 2687 454 2739 dira
465 2687 508 2737 cui
518 2690 635 2756 genitrix
647 2686 735 2738 facem

79 2758 224 2818 Accendit,
235 2762 264 2807 et
273 2762 301 2808 tc
311 2758 398 2808 iunxit
409 2760 520 2808 inritam
532 2764 619 2822 metu3

77 2830 169 2879 Tanto
190 2842 224 2877 ue
235 2828 333 2878 victrix
344 2827 419 2878 facta
431 2844 561 2879 successu
572 2827 651 2880 ferox
705 2879 708 2885 ,

77 2899 150 2948 Ausa
160 2844 301 2949 ihiminere
313 2903 354 2948 est
367 2898 440 2948 orbis
451 2900 487 2948 im
509 2901 566 2950 erio
578 2899 657 2950 sacri.
834 2895 886 2946 155

79 2967 145 3027 Quis
157 2972 200 3017 tot
210 2966 312 3019 referre
324 2966 475 3018 facinorum
486 2915 592 3019 {Pormas
601 2976 711 3036 notent,

76 3036 114 3085 Et
123 3051 186 3100 spes
196 3037 330 3090 nefandas
340 3037 481 3100 feminae,
492 3045 523 3091 et
529 3040 658 3092 hlanhus
669 3036 757 3086 hshns

61 3101 189 3168 Regnum
197 3111 326 3173 retentis
336 3127 391 3182 Pel·
404 3114 515 3184 gradus
528 3112 681 3164 scelerum
694 3088 852 3152 isunnam&
927 3162 928 3165 ,
