1912 3338
75 462 131 515 32⁰
272 459 304 508 L.
343 457 498 516 sn'xsssl
519 456 712 507 SENECAE

158 565 333 628 Reddamque
345 560 441 610 vitam!
463 560 533 611 Fata
545 577 578 609 ao
591 560 711 611 extendo
724 576 792 621 inea,

157 635 345 699 Montemque,
358 632 471 693 coniux,
484 631 517 680 ad
530 638 590 679 tua·
602 645 683 679 serio
696 629 806 681 manusi

159 704 290 754 virtusne
302 706 426 767 superest
438 700 543 766 aliqua,
557 707 584 749 et
597 709 721 749 amiatae.
732 715 827 749 manus

94 774 147 825 975
159 772 304 825 intendere
317 785 410 820 areum
421 770 478 819 teia
488 771 632 821 missurum
643 770 750 827 raient;

157 844 197 892 An
210 856 286 891 arma
297 846 418 900 cessant,
430 847 512 906 teque
522 839 661 906 languenti
673 854 755 889 manu

158 911 219 962 Non
232 910 307 960 audit
318 907 416 959 arcus?
436 907 464 958 Si
478 916 570 974 potest
580 909 664 959 letum
677 909 760 959 dare:

159 983 301 1041 Animosa,
314 980 430 1039 coniux,
443 977 584 1029 dexteram
599 985 718 1044 expecto
729 986 818 1028 tuam:

160 1051 236 1100 Mors
247 1048 396 1099 differatur.
432 1048 551 1114 Frange,
564 1056 594 1098 ut
604 1049 742 1098 insontem
755 1046 870 1108 biotam

96 1120 150 1171 980
160 1121 233 1169 Alias
243 1120 269 1168 in
281 1119 362 1169 urbes
372 1134 484 1184 sparge,
497 1124 526 1168 et
535 1119 659 1184 ignotum
672 1118 720 1167 tibi

161 1190 263 1239 Emitte
274 1190 302 1238 in
314 1186 420 1239 orbem!
442 1186 539 1252 perde,
550 1186 725 1306 ukdreadiae
737 1185 825 1247 nefas,

160 1259 198 1309 Et
209 1258 339 1325 quidquid
351 1258 424 1308 aliud
434 1256 549 1308 restitit!
592 1257 609 1307 b
621 1256 674 1307 iilis
686 1263 787 1317 tamen,

160 1328 274 1390 Coniux,
287 1327 388 1379 redisti.
408 1341 484 1378 ura.
496 1327 583 1377 Parce
593 1327 657 1388 iam,
668 1332 768 1387 mater,
783 1335 886 1391 prator.

161 1398 276 1465 ignosce
287 1396 363 1448 fatis!
386 1399 471 1448 Error
482 1412 498 1446 a
510 1395 590 1462 culpa
600 1402 688 1445 vacat

99 1466 151 1518 985
165 1480 208 1517 oa
216 1481 279 1516 rsa.
292 1465 320 1516 Si
332 1483 397 1518 reru
408 1465 604 1533 prensante,
615 1465 773 1532 quaerenda
784 1464 888 1516 esttibir

162 1538 219 1588 iam
232 1539 334 1603 perime
345 1535 473 1588 matrem!
491 1535 594 1586 Pavida
605 1535 668 1602 quid
681 1538 772 1586 renuit
782 1531 888 1584 manusi

163 1606 233 1668 Quid
247 1621 296 1656 ora
306 1606 409 1657 sseetisi
421 1607 483 1657 Hoc
494 1606 546 1656 erit
557 1605 645 1671 pietas
657 1606 756 1655 scelus.

162 1677 277 1743 lgnare,
291 1674 414 1726 dubitasi
436 1675 584 1726 Herculem
595 1676 681 1740 eripui
695 1675 758 1737 tibi;

165 1745 255 1805 Haec,
267 1743 335 1794 baec
348 1747 464 1811 peremit
476 1745 587 1806 dextra,
598 1747 642 1795 cui
655 1744 740 1794 debes
751 1745 823 1810 patri

100 1814 153 1865 000
165 1815 249 1864 Arum
262 1815 425 1865 Tonantem.
461 1815 552 1868 Maius
564 1816 649 1881 eripui
661 1814 755 1876 decus,

164 1883 253 1945 Quam
263 1884 323 1935 luce
335 1884 425 1935 tribui.
461 1883 488 1935 Si
500 1884 547 1934 tibi
559 1886 680 1951 ignotum
693 1891 736 1934 est
746 1882 834 1934 nefas·¹

163 1956 182 2004 Α
196 1960 283 2005 matre
296 1956 378 2005 disce.
415 1953 470 2006 Seu
491 1955 540 2005 tibi
551 1954 644 2022 iugulo
654 1955 746 2020 piacet

138 2088 140 2093 ,
166 2025 295 2075 Mersisse
306 2023 420 2086 serrum,
432 2027 488 2077 sire
499 2031 651 2074 maternum
664 2024 731 2074 libet

166 2094 297 2145 invadere
308 2101 428 2146 uterum:
441 2101 529 2144 mater
538 2094 703 2159 intrepidum
716 2091 763 2142 tibi

99 2163 154 2216 <995
167 2164 314 2215 Praebebit
325 2167 451 2215 animum.
474 2163 534 2215 Non
546 2165 598 2215 erit
610 2168 702 2213 totum
710 2162 799 2214 scelus

164 2234 185 2283 A
199 2240 226 2284 te
237 2242 392 2299 peractum:
404 2234 517 2284 dextera
527 2240 635 2284 sternar
645 2240 703 2294 tua,

165 2300 219 2352 Sed
232 2312 323 2354 mente
335 2310 437 2354 nostra.
476 2303 582 2355 Gnatus
593 2303 703 2353 Alcidae
714 2300 810 2353 timest

166 2373 209 2421 lta
219 2372 292 2423 nulia
304 2389 421 2441 peragas
431 2376 518 2433 iussa,
531 2388 582 2423 nec
593 2372 723 2440 frangens
734 2372 806 2422 mala

165 2442 248 2493 Erres
260 2458 309 2508 per
322 2443 429 2505 orbem3
442 2445 464 2495 si
476 2459 528 2509 qua
540 2450 668 2494 nascetur
678 2442 750 2493 fera:

84 2511 155 2564 1000
165 2508 280 2562 Referas
290 2520 440 2578 parentem.
477 2513 626 2564 Dextemm
636 2512 799 2579 intrepidam
814 2505 888 2577 parsi

164 2580 246 2631 Patet
257 2582 335 2633 ecce!
358 2583 467 2649 plenum
478 2591 574 2649 pec-tus
586 2585 736 2634 aerumnis:
748 2581 809 2635 feri.

165 2649 259 2704 Scelus
272 2653 388 2703 remitto.
424 2652 564 2704 Dexterae
576 2660 690 2719 parcent
700 2661 764 2703 tuae

163 2721 328 2771 Eumenides
341 2724 424 2788 ipsae.
461 2722 613 2773 verberum
627 2724 733 2791 crepuit
742 2720 837 2773 sonas}

167 2790 306 2852 Quaenam
319 2793 384 2852 ista,
397 2798 528 2860 torquens
539 2809 628 2860 angue
639 2796 750 2860 vipereo
762 2805 874 2852 comato,

84 2854 155 2912 1005
169 2860 355 2933 Temporibus
364 2870 439 2913 atras
449 2863 577 2929 squalidis
590 2866 685 2928 pinnas
696 2860 800 2931 quatit!

165 2937 242 3007 Quid
255 2936 319 2990 dira
329 2953 372 2991 me
385 2932 773 3005 basrantepersstpmatm

161 3010 327 3088 Megattt'ai
348 3011 468 3065 Poenas
475 3002 574 3071 posuis
585 2993 712 3045 sxdnsat.
722 2992 820 3038 xum.
