1912 3338
76 480 129 531 340
298 472 331 523 L.
351 470 509 522 rlNNAEl
529 469 721 523 SENECAE

157 579 273 635 Admisit
283 591 390 628 omnes:
403 575 513 626 cedibus
523 575 620 642 pulsae
631 577 686 626 suia

156 648 292 700 volucres
302 654 445 714 pererrant
460 660 571 696 nemore
589 647 696 696 succiso
708 646 787 706 diem,

159 719 354 784 Quaeruntquc
364 714 443 766 larcia
454 714 580 785 gar-udae
594 717 689 780 pennis
700 715 802 767 domos.

79 787 148 843 1635
158 789 270 854 lamque
282 786 369 837 omnir
381 784 462 835 arbor
473 784 577 845 sonuit,
591 789 620 834 et
630 799 725 837 sacrae
738 800 842 853 quoque

161 858 278 908 Sensere
290 870 406 924 quercus
417 852 556 904 horridam
566 852 642 906 ferro
653 869 770 916 manum,

161 926 287 993 Nullique
298 925 417 990 priscum
428 921 532 989 profuit
541 922 606 974 luco
617 939 721 976 nemus.

160 996 304 1064 ridgeritur
315 994 400 1043 omnia
412 992 491 1055 silva,
503 998 532 1043 et
544 991 668 1046 alternae
678 993 770 1044 trabes

164 1067 193 1115 ln
204 1069 280 1115 antra
290 1063 389 1113 tollunt
398 1061 510 1113 Herculi
520 1068 667 1129 auguratum
678 1078 781 1131 rogum.

82 1135 152 1186 16111
164 1134 246 1201 Rapit
255 1132 312 1183 alta
322 1130 445 1182 dammas
455 1133 533 1199 pinus
545 1137 574 1182 et
583 1131 670 1183 robur
681 1139 771 1193 tenax,

163 1204 199 1254 Et
209 1202 320 1252 brevior
329 1200 398 1265 ile13
409 1200 477 1253 cilia
488 1200 537 1253 aed
549 1201 670 1269 complet
680 1217 763 1270 rogos

50 1312 52 1316 .
164 1271 287 1339 Populea
297 1271 385 1334 salva,
397 1268 496 1322 frontis
506 1269 663 1323 Herculeae
674 1286 776 1322 nemus.

165 1344 199 1393 at
207 1341 266 1404 ille,
278 1347 309 1391 ut
319 1341 414 1408 ingens
427 1356 537 1392 nemore
548 1341 597 1391 cub
611 1339 775 1392 Nasamonio

167 1414 254 1479 leger
265 1410 358 1462 reclini
370 1417 482 1478 pectore
492 1411 618 1479 immugit
628 1412 680 1472 leo,

85 1478 154 1532 1615
165 1482 273 1531 Fertur.
310 1480 377 1542 Quia
387 1480 462 1532 illum
473 1481 568 1533 credat
579 1481 613 1531 ad
625 1478 748 1532 flammas
759 1477 832 1547 rapi!

167 1549 265 1602 Vultur
276 1550 394 1617 petentia
405 1556 495 1612 astra,
509 1566 562 1602 non
573 1553 666 1618 ignea,
678 1557 747 1602 erat.
808 1563 810 1566 ’

168 1620 203 1671 Ut
214 1620 314 1685 preaait
326 1619 429 1682 Oeten,
443 1635 477 1670 ac
487 1621 543 1672 auis
555 1620 640 1671 oculis
651 1635 749 1689 rogum

166 1688 308 1739 Lustravit
320 1702 441 1738 omnem:
454 1688 536 1757 fregit
546 1690 689 1758 impositus
700 1689 801 1749 trabes,

168 1760 319 1824 Arcumquc
330 1759 427 1822 poscit.
465 1760 584 1826 „Accipe
596 1757 699 1821 haec,“
710 1760 805 1827 inquit,
817 1765 887 1821 „rate

90 1827 158 1880 16511
169 1827 305 1891 Poeante,
316 1826 402 1892 dona,
414 1843 512 1879 munuc
522 1828 632 1880 Alcidae
645 1829 726 1896 cape!

168 1898 227 1949 Hac
237 1895 327 1964 hydra
337 1898 435 1961 σαπείη
448 1895 491 1950 hia
500 1901 591 1951 iacent
604 1897 815 1966 Stymphalides,

170 1971 205 2019 Et
216 1967 344 2036 quidquid
357 1966 428 2017 aliud
439 1969 543 2020 eminus
553 1969 605 2020 vici
617 1968 726 2031 malum.

170 2036 281 2088 Virtute
291 2036 356 2089 felix
368 2039 486 2101 iuvenis,
498 2036 548 2089 hac
560 2053 696 2106 nunquam
706 2039 797 2090 irritas

168 2108 264 2159 Mitter
275 2108 303 2158 in
315 2105 435 2172 hortem3
447 2109 504 2160 cive
516 2107 549 2160 de
561 2107 652 2161 media
663 2109 739 2161 voles

89 2174 158 2227 1655
170 2175 284 2228 Auferre
294 2176 419 2229 volucres
430 2178 514 2230 nube:
526 2177 694 2230 dercendent
704 2194 776 2241 avec,

170 2247 208 2298 Et
219 2251 296 2298 certa
306 2246 424 2314 praedae
435 2247 491 2300 tela
502 2246 536 2300 de
548 2248 626 2300 coelo
639 2246 732 2300 iluent.

168 2314 228 2368 Nec
239 2315 316 2368 fallet
326 2332 443 2384 unquam
456 2317 597 2369 dexteram
610 2316 656 2368 hic
668 2333 749 2370 arcus
762 2323 849 2369 mam:

170 2385 287 2436 Librare
298 2386 381 2438 telum
392 2386 500 2450 didicit,
512 2392 541 2438 et
551 2394 655 2439 certam
667 2388 732 2453 dare

169 2455 273 2523 Fugam
286 2457 407 2523 sagittir3
417 2456 479 2524 ipsa
490 2472 543 2507 non
553 2456 651 2508 faliunt
659 2459 713 2509 iter

88 2520 158 2576 16611
168 2524 278 2577 Emissa
286 2540 369 2576 nervo
381 2525 445 2577 tela.
480 2528 522 2578 'lu
532 2531 652 2588 tanturn,
665 2543 773 2595 precor,

168 2593 355 2647 Adcommoda
365 2597 441 2664 ignee
454 2601 482 2647 et
491 2595 580 2659 facem
592 2604 745 2649 extremam
756 2595 834 2648 milri!
846 2623 874 2633 -

170 2664 224 2714 Hic
234 2663 354 2726 nodus,“
364 2665 466 2732 inquit,
477 2665 571 2728 „nulla
598 2681 662 2718 uem
673 2669 764 2734 capiet
774 2683 875 2723 maurus

168 2732 278 2785 Mecum
290 2748 339 2799 per
350 2735 427 2801 ignea
438 2733 544 2802 flagret
610 2750 644 2787 oc
653 2735 739 2789 telum
751 2736 891 2788 Herculem

170 2802 292 2857 Tantum
302 2809 439 2873 aequatur.
475 2803 539 2855 Hoc
548 2819 658 2873 quoquc
669 2807 839 2874 acciperes,“
851 2806 893 2865 ct,

84 2874 158 2934 1665
172 2873 314 2948 „Silene
322 2889 432 2949 postea.
466 2873 822 2942 adiuuetdcminirngunfl

171 2955 251 3011 Tum
263 2951 362 3025 rigida
371 2940 774 3023 eccumapoixaiiemepeumuu

175 3033 295 3089 Arcum
305 3024 416 3100 poscit=
447 3007 784 3072 hacutmmcxmmssm
