1776 3330
89 469 141 522 aba
263 465 296 519 L.
332 467 488 520 Anxuri
509 465 701 521 SENECAE

150 573 187 625 Et
198 569 286 625 fervet
297 572 395 623 odium.
424 572 534 638 Repetit
544 574 657 624 inritam
670 586 771 624 manum

149 645 266 709 Antiqua
277 642 403 707 Erinnys.
438 642 495 704 lra,
508 657 562 708 qna
573 643 664 704 ducis,
676 656 780 711 sequor.

149 712 257 763 Utinam
270 710 404 778 superbae
416 710 497 762 turba
508 712 671 765 'l'antalidos
683 729 741 765 meo

147 782 257 834 Exisset
269 788 362 840 utero,
371 782 411 831 bis
432 796 465 832 oe
473 787 602 847 septenos
614 798 712 849 parens

87 853 138 905 945
150 851 256 905 Gnatos
267 850 402 902 tulissem!
445 850 529 901 terilis
540 852 567 900 in
579 867 682 918 poenas
695 853 740 904 lui.

149 922 238 973 Fratri
250 921 374 989 patrique
385 921 456 988 quod
469 927 513 971 sat
524 928 579 982 est,
591 925 683 989 peperi
694 923 777 973 duos„

151 992 275 1054 Quonam
287 991 340 1041 ista
348 991 434 1041 tendit
445 990 525 1041 turba
536 991 679 1043 Furiarum
689 987 827 1060 impotens!

149 1064 237 1125 Quem
249 1061 368 1129 quaerit,
379 1067 427 1111 aut
438 1076 492 1128 qno
504 1059 645 1113 llanrmeos
655 1062 726 1114 ictos
737 1059 822 1130 parati

149 1132 202 1182 Ant
212 1132 254 1183 cui
266 1137 392 1182 eruentus
404 1145 499 1199 agmen
510 1129 646 1183 infernum
657 1131 733 1184 laces

90 1202 141 1255 9511
153 1199 289 1254 intentati
311 1202 407 1269 ingens
419 1203 514 1270 anguis
525 1215 639 1253 excusso
651 1210 732 1254 sonat

151 1271 254 1323 Torius
267 1270 382 1338 llagello.
420 1271 507 1333 Quem
519 1271 596 1322 trabe
607 1271 707 1324 inlesta
718 1275 783 1340 petit

151 1339 298 1410 Megaerai
319 1340 396 1391 cuius
406 1341 503 1393 umbra
515 1341 642 1408 dispersis
653 1345 727 1393 venit

151 1412 260 1463 Incerta
271 1409 416 1462 mombrisi
430 1411 528 1463 Frater
539 1410 593 1462 estl
615 1427 716 1479 poenas
729 1414 800 1480 petit.

152 1481 298 1542 Dabimus,
310 1480 358 1532 sed
371 1480 477 1532 omncsl
496 1481 562 1549 rige
573 1480 718 1534 luminibus
730 1483 802 1534 laces

92 1550 143 1601 955
154 1547 255 1601 lsania!
268 1551 379 1617 perurcl
397 1550 498 1602 Pectus
510 1566 557 1612 eo,
570 1549 647 1602 iuriis
659 1554 748 1619 patet!
760 1581 789 1590 -

153 1620 303 1671 Discedere
314 1635 331 1670 a
339 1635 396 1682 me,
407 1619 507 1682 frater,
519 1620 629 1672 ultrices
640 1622 716 1686 deas,

152 1690 304 1756 Manesque
314 1689 348 1738 ad
359 1690 429 1741 imos
439 1691 479 1742 ire
490 1705 601 1742 securas
611 1691 687 1744 iube:

152 1757 220 1812 Mihi
232 1773 275 1811 me
285 1757 420 1826 relinque,
431 1766 460 1811 et
471 1768 548 1812 utere
558 1757 623 1824 bac,
634 1761 734 1824 frater,
744 1777 829 1820 mann,

152 1830 230 1892 Quae
243 1828 353 1880 strinxit
362 1844 463 1880 ensem.
501 1831 794 1884 Victimamanestnos

91 1900 142 1952 91111
153 1898 297 1952 Placamns
306 1900 368 1951 ista.
406 1900 477 1963 Quid
489 1917 585 1968 repens
598 1899 688 1954 adlert
698 1901 797 1953 sonori

151 1970 287 2023 Parantnr
297 1984 385 2033 arma,
397 1986 493 2038 meque
503 1988 530 2022 rn
542 1972 654 2022 exitium
665 1979 770 2040 petunt.

150 2040 269 2094 Excelsa
279 2048 390 2092 nostrae
400 2046 477 2092 tecta
487 2040 669 2092 conscendam
681 2043 778 2094 domos

146 2112 241 2173 ,caede
252 2108 389 2162 inchoato.
425 2110 514 2180 Perge
525 2118 554 2162 to
565 2127 686 2175 mecum,
697 2109 800 2164 comes!

149 2182 240 2233 Tuom
252 2196 359 2250 quoque
370 2182 431 2248 ipsa
442 2195 540 2248 corpus
551 2179 615 2232 binc
625 2197 731 2234 mecum
745 2177 858 2233 arebam.

88 2250 139 2303 965
150 2251 229 2303 Nunc
240 2248 294 2303 hoc
305 2267 370 2320 ago,
382 2250 483 2302 animal
504 2250 565 2302 Non
576 2252 603 2302 in
614 2250 724 2303 occulto
735 2252 784 2303 libi
795 2259 833 2301 esi

148 2321 293 2373 Perdenda
302 2323 401 2383 virtum
413 2321 534 2388 adprobo
545 2321 647 2388 populo
659 2337 776 2372 manum.

149 2405 212 2442 rsa.
224 2392 385 2460 Quicunque
398 2407 490 2459 regum
500 2390 622 2442 cladibus
633 2391 703 2442 lidus
716 2391 802 2452 doles,

148 2462 300 2524 Conrurre,
312 2469 343 2512 ut
354 2463 439 2529 ipsam
451 2461 562 2513 sceleris
574 2468 715 2514 auctorem
728 2459 827 2513 horridi

148 2532 306 2597 Capiamus‚
320 2532 395 2593 linc,
408 2529 474 2594 buc,
486 2530 578 2594 fortis,
591 2531 727 2593 armiferi,
739 2531 845 2591 cohors,

87 2601 138 2653 9111
150 2599 278 2653 Conferte
289 2600 357 2651 tola!
374 2603 470 2653 vertite
481 2602 579 2653 eximo
591 2601 715 2653 domum!

148 2684 226 2721 nno.
240 2671 350 2722 lamiam
363 2672 453 2738 recepi
464 2678 581 2738 sceptra,
592 2680 882 2740 germanumfflatren}

147 2739 323 2808 spoliumque.
336 2740 428 2793 Colchi
441 2742 550 2807 pecudis
562 2749 676 2793 auratae
690 2742 796 2794 tenenti

146 2809 263 2861 Rediere
274 2809 371 2878 regna!
391 2819 472 2878 rapta
481 2812 622 2880 virginitas
634 2811 717 2863 redit!

148 2879 173 2936 0
185 2877 294 2953 placida
302 2881 414 2934 tandem
422 2881 543 2931 nomina!
566 2897 582 2933 o
596 2880 695 2934 festum
706 2881 793 2934 ‹lieml

81 2956 136 3014 915
149 2956 176 3015 0
187 2952 361 3028 nuptialcml
375 2951 474 3007 llabez
482 2948 797 3015 maenomenon,
882 3016 883 3019 Ἴ

146 3032 295 3092 1111111111
304 3026 447 3085 nononis.
476 3015 883 3083 Vbiiiismffimmw
