1912 3338
311 502 506 554 oc'l'avis.
525 503 603 556 Aci.
615 503 635 555 1.

64 609 146 676 Rigat
158 613 186 658 et
196 607 308 657 moestis
320 605 428 657 fletibus
440 621 496 658 orn

64 679 214 745 Postquam
226 692 289 742 spes
301 682 343 726 est
352 675 425 726 nulia
435 677 554 728 salutis:-

65 747 170 799 Ardens
180 748 222 796 ira
231 749 285 795 iam
296 746 368 796 victa
379 745 470 796 malis:

64 817 196 882 ‚‚Haec‚“
208 815 357 877 exclamat,
369 814 452 879 „mihi
465 832 515 882 pro
526 821 604 869 tanto
636 840 640 850 ³

64 888 179 939 Munere
190 885 280 936 reddis
292 887 426 953 praemia,
437 883 517 937 rratei

65 956 128 1008 Hac
140 970 213 1018 sum,
227 953 330 1018 fateor,
342 955 424 1024 dignu
435 957 535 1018 carina,

1 1070 5 1079 ,
66 1027 144 1089 Quae
158 1032 185 1076 te
196 1025 292 1092 genui,
304 1040 373 1093 quae
383 1026 432 1077 tibi
443 1025 530 1078 lucem

64 1097 153 1165 Atque
164 1096 307 1162 imperium
317 1110 470 1163 nomenque
479 1096 541 1148 dedi

67 1166 202 1228 Caesaris,
213 1179 315 1217 amens.

65 1236 158 1288 Exere
168 1233 258 1286 vultus
269 1232 424 1287 Acheronte
436 1242 508 1298 tuos,

65 1306 221 1372 Poenisque
232 1305 299 1357 meis
312 1320 440 1371 pascere,
452 1309 564 1358 eonius:

64 1376 127 1444 Ego
139 1390 222 1426 causa
233 1380 311 1436 tuae,
323 1375 489 1439 miserande,
501 1378 585 1441 necis,
611 1369 615 1379 ’

64 1444 196 1512 Natoque
208 1452 255 1495 tuo
267 1443 370 1496 funeris
382 1452 486 1497 auctor.

64 1514 267 1577 En‚utmerui‚

64 1585 152 1637 Ferat
163 1583 198 1635 ad
209 1597 303 1633 manes
313 1581 453 1635 inhumata
464 1591 535 1647 tuos,

63 1653 174 1707 Obruta
183 1654 272 1704 saevis
283 1655 410 1721 aequoris
422 1654 514 1706 undis!
526 1659 543 1685 “

65 1724 180 1776 Feriuut
190 1721 289 1774 fluctus
300 1739 349 1775 ora
361 1725 511 1793 loquentis3

64 1793 301 1862 Ruitiupelagus,

66 1864 237 1931 Rursumque
248 1863 306 1914 saio
320 1878 415 1930 pressa
425 1868 555 1936 resurgit3

66 1932 148 1985 Pellit
159 1932 255 2001 palmis
268 1941 383 2004 cogente
394 1943 469 1987 metu

66 2002 151 2065 Fata,
163 2012 191 2055 et
202 2005 275 2054 cedit
285 2003 359 2055 fessa
369 2005 465 2055 labori.

66 2075 171 2125 Mansit
181 2074 272 2123 tacitis
284 2073 311 2123 in
322 2073 480 2140 pectoribus

67 2143 169 2211 Spreta
179 2143 251 2194 tristi
260 2143 315 2192 iam
326 2148 415 2194 morte
427 2140 510 2192 sides:

65 2212 146 2264 Multi
158 2212 284 2263 dominae
296 2212 368 2264 ferre
380 2210 508 2262 auxilium

66 2282 115 2335 Pel
153 2298 170 2332 o
182 2280 278 2333 fractis
291 2282 392 2332 viribus
404 2281 515 2342 audent,

66 2354 138 2405 Brac
159 2353 186 2402 ia
198 2352 320 2420 quamvis
332 2352 407 2402 lenta
416 2348 569 2401 trahentem

65 2423 144 2474 Voce
155 2420 314 2483 hortantur,
325 2421 503 2487 manibusque
513 2419 614 2482 leuant.

64 2491 137 2555 Quid
149 2492 198 2543 tibi
208 2493 283 2542 saevi
294 2489 396 2560 fugisse
410 2491 492 2542 uraris

65 2560 174 2614 Profuit
186 2560 288 2612 undant

1 2645 3 2695 ζ
65 2632 152 2684 Ferro
163 2647 192 2683 es
205 2633 261 2681 nati
273 2633 407 2681 moritura
418 2631 467 2691 tui,

1 2696 2 2759 Ῐ
66 2703 150 2753 Cuius
160 2700 266 2753 facinus
277 2701 321 2751 vix
333 2702 490 2768 posteritas,

62 2771 157 2822 Tarde
169 2785 277 2838 semper
288 2769 412 2832 credula,
424 2769 527 2822 credet

64 2842 156 2901 Furit,
168 2846 289 2907 ereptam
301 2840 452 2909 pelagoque
463 2839 540 2892 dolet

64 2910 166 2963 Vivere
178 2917 294 2962 matrem

1 3012 2 3023 κ
64 2981 287 3048 impius‚ingens
317 2981 475 3050 eminetque
485 2979 581 3036 neiasc

1 3057 2 3062 ’
57 2996 507 3124 Βαίέίιιηιιᾌοωοξιωρπεηὶὶε,
