1912 3338
310 502 449 554 OC'l‘AV
456 505 502 553 lt.
523 505 598 554 ACT.
611 506 645 555 V.
821 503 870 554 381

64 609 118 658 Aut
128 605 236 656 exilium
249 607 343 685 regina
353 605 438 665 iubet,

65 676 94 727 Si
106 674 173 726 mihi
183 677 266 724 vitam
279 678 368 725 tracta
379 677 493 726 remittit
822 673 874 728 905

64 749 121 797 'l'ot
132 746 186 794 iam
197 746 297 794 nostris
311 753 339 796 et
349 747 421 794 ricta
429 745 523 795 marist

64 816 93 867 Si
106 816 190 866 caede
201 830 263 865 mea
273 815 410 865 cumulare
424 822 503 881 parat

64 886 171 937 Luctus
181 892 305 936 nostros:
316 883 420 935 inridet
430 887 512 935 etiarn

64 957 120 1007 Cur
129 955 158 1005 in
169 957 259 1022 patria
268 952 334 1005 mihi
344 970 427 1006 saeva
438 953 523 1004 niori?

64 1023 120 1076 Sed
130 1025 186 1075 iam
196 1040 259 1093 spes
271 1030 314 1077 est
324 1025 397 1074 nulla
406 1024 513 1074 salutis:

64 1094 173 1167 Fratris
185 1110 268 1145 cerno
279 1094 434 1145 miseranda
446 1101 541 1145 ratem.

63 1165 143 1215 Haec
155 1172 211 1227 est,
224 1167 299 1214 euius
311 1171 392 1214 vecta
403 1165 496 1213 carina

64 1234 209 1295 Quondam
220 1235 352 1301 genitrix,
365 1250 435 1283 nunc
447 1241 473 1283 et
485 1231 610 1284 thalamis

64 1302 187 1371 Expulsa
196 1319 276 1354 soror
289 1302 443 1353 miseranda
454 1301 544 1352 vehar.

63 1372 174 1425 Nullum
185 1373 279 1425 Pietas
290 1388 362 1423 nunc
374 1388 471 1423 numen
484 1371 574 1436 hahet,

63 1442 124 1495 Neo
135 1449 198 1494 sunt
210 1442 322 1510 Supen'3

63 1514 173 1581 Regnat
183 1513 283 1563 mundo
296 1514 382 1564 tristis
393 1513 519 1577 Erinnys.

64 1584 132 1644 Quis
143 1597 205 1633 mea
216 1582 296 1650 digne
307 1581 408 1633 deflere
421 1588 513 1649 potest

63 1651 156 1705 uruat
168 1667 237 1719 quae
248 1652 368 1702 lacrimis
380 1651 479 1702 nostris
491 1660 601 1718 questus

64 1721 173 1773 Reddet
184 1721 290 1773 aedon?
302 1724 379 1773 cuius
390 1737 492 1788 pennas

64 1793 175 1844 Utinam
187 1793 303 1844 miserae
315 1791 379 1842 mihi
391 1793 462 1843 Fata
472 1791 579 1843 darent!

50 1887 53 1894 ⁴
64 1863 201 1929 Fugerem
212 1861 301 1914 luctus
312 1862 405 1913 ablata
414 1876 491 1911 rneos

65 1931 162 1981 Perma
173 1930 291 1992 volucri,
304 1933 398 1996 procul
409 1936 437 1980 et
448 1936 543 1979 coetus

65 2000 216 2050 Hominum
226 1999 332 2056 tristes,
345 1999 511 2063 caedemque
531 1998 625 2047 leram.

66 2067 134 2119 Sola
143 2068 170 2118 in
182 2081 269 2117 vacuo
280 2082 405 2126 nemore,
417 2072 446 2115 et
455 2069 528 2116 tenui

65 2139 153 2189 Ramo
165 2137 298 2203 pendens,
311 2136 424 2204 querulo
435 2151 544 2201 possem

68 2208 188 2260 Gutture
199 2213 334 2256 moestum
354 2205 468 2262 fundere
479 2221 607 2256 murmur.

68 2291 112 2329 ou
121 2291 137 2326 o
145 2290 171 2325 u.
182 2277 297 2344 Regitur
307 2275 371 2326 satis
382 2274 496 2326 mortale
507 2291 602 2342 genus,

66 2345 126 2401 Nec
137 2346 188 2396 sibi
199 2346 344 2413 quidquam
355 2344 490 2412 spondere
502 2338 594 2412 potest

66 2417 189 2472 Firmum
200 2423 228 2467 et
238 2416 335 2466 stabile
342 2433 354 2464 :v

92 2502 123 2538 or
133 2501 202 2554 quae
215 2501 295 2537 casus
307 2486 391 2536 volvit
400 2486 491 2536 varios

68 2555 184 2623 Semper
195 2554 273 2607 nobis
283 2555 430 2607 metuenda
441 2555 507 2606 dies.

67 2628 192 2677 Animum
204 2626 313 2677 firment
322 2624 447 2692 exempla
458 2632 541 2687 tuum,

67 2696 125 2747 lam
136 2696 222 2746 multa
231 2695 327 2747 domus
338 2711 407 2764 quae
419 2702 510 2746 restra
519 2696 590 2747 tulit.

69 2765 141 2827 Quid
152 2767 260 2817 saeuior
269 2770 312 2816 est
320 2765 444 2817 Fortuna
455 2763 521 2817 ubit

66 2837 111 2886 Tu
123 2833 188 2885 mihi
199 2837 316 2903 primum

67 2907 262 2956 Totnatorum
272 2906 449 2956 memoranda
459 2921 566 2973 parens,

68 2974 143 3026 Nata
154 2976 302 3042 Agrippae,
314 2991 397 3026 nurus
409 2977 532 3043 Augusti,

69 3046 194 3096 Caesaris
204 3059 284 3108 uxor,
299 3046 377 3099 cuius
387 3061 490 3101 nomen
