1776 3330
162 468 316 522 Menan
352 470 431 521 ACT
459 469 492 523 V.
680 472 731 527 253

41 591 82 627 inc
93 577 222 636 moreris,
235 573 340 627 enimet
361 574 424 642 quid
436 574 559 628 dubites!
579 578 672 632 Potes.

41 646 96 697 rdit
106 647 155 697 ira.
193 645 320 696 Poenitet
331 644 412 706 farti,
425 645 516 711 pudet.

42 720 136 776 risere,
148 715 200 768 ieci
207 714 217 765 i
239 716 354 774 Misera,
366 716 506 782 poeniteat
516 715 588 783 iicet,

41 815 51 826 -
67 785 202 853 Voluptas
213 800 311 853 magna
323 800 365 837 me
377 786 487 835 invitam
499 785 580 851 subit,
683 788 733 841 980
775 813 777 816 <

41 872 69 917 e,
81 855 191 908 erescit¹
214 855 316 906 Deerat
328 853 473 905 hoc-onum
486 853 559 920 mihi,

41 942 77 977 :nr
87 929 148 978 iste.
186 924 257 976 itinn
270 923 358 976 adhoc
369 923 471 975 iactum
484 940 558 976 reor·

41 997 67 1048 id
79 998 135 1048 sine
147 997 201 1046 isto
213 995 327 1045 fecimus
338 995 462 1054 sceleris,
476 997 553 1061 perit.

40 1085 62 1126 r,
74 1068 133 1134 ipss
144 1067 210 1116 tecti
224 1072 301 1131 parte
314 1065 455 1131 praecipiti
467 1066 600 1117 imminet!

41 1139 95 1204 piat
106 1138 182 1202 ignes
193 1136 344 1202 aliquis‚ot
356 1133 470 1184 flammis
482 1136 564 1186 cariat
683 1137 734 1189 980
828 1147 830 1154 ’

42 1204 129 1257 ruste!
152 1219 230 1255 nan.
243 1205 366 1273 Congere
378 1210 528 1255 extremum
542 1208 596 1257 tois

41 1315 44 1335 ‚
58 1278 151 1335 iason,
163 1274 255 1334 funus,
271 1288 303 1324 ac
315 1274 446 1324 tomuiom
458 1281 547 1326 strue:

49 1360 181 1412 socerque
192 1347 264 1394 iusta
274 1344 327 1394 iam
340 1343 440 1393 iunctis
451 1340 561 1409 habent,

41 1415 126 1482 epulti.
164 1413 270 1466 Gnstos
282 1412 324 1464 hic
336 1413 421 1464 istum
433 1413 507 1477 toiit;

41 1485 143 1537 n’dente
155 1484 264 1535 dabitur
275 1485 357 1534 exitio
372 1484 437 1550 pari.
686 1488 736 1541 990

41 1571 63 1606 sr
74 1570 171 1605 nomen
184 1569 276 1616 omne,
288 1569 389 1622 perque
401 1569 558 1607 commones
568 1555 657 1626 iuges,

41 1640 91 1692 ¹un,
103 1641 171 1692 quos
183 1640 236 1674 non
248 1631 343 1675 nostra
355 1623 465 1674 violarit
476 1625 554 1688 tides,

41 1710 83 1746 ree
95 1693 173 1745 nato!
197 1692 224 1744 Si
237 1694 308 1762 qood
320 1700 362 1745 est
374 1696 489 1758 crimen,
501 1711 589 1748 meum
601 1707 655 1750 est:

45 1783 61 1815 o
74 1767 169 1828 morti;
180 1765 289 1814 noxium
302 1771 392 1815 macta
404 1764 498 1830 caput!

42 1836 95 1896 iae,
107 1849 285 1902 qoarecusas,
297 1834 548 1901 quadoies,ferrom
556 1837 670 1903 exigam!
687 1839 737 1891 995

53 1905 183 1971 superbe,
195 1905 326 1972 virginum
340 1902 475 1954 thalamos
486 1903 562 1970 pete!

42 1990 64 2026 re
77 1973 190 2025 matres!
212 1987 275 2024 res.
288 1974 361 2024 Unus
373 1980 414 2024 est
424 1987 529 2039 poenae
541 1976 616 2025 satis.

43 2046 51 2095 i
64 2051 158 2111 posset
168 2058 222 2094 one
233 2043 317 2095 caede
328 2044 420 2094 satiari
432 2058 540 2093 manos:

55 2115 175 2181 petisset.
211 2114 247 2164 Ut
258 2113 327 2164 duos
339 2114 480 2179 perimam:
493 2119 583 2165 tamen

42 2201 53 2234 n
66 2192 108 2235 est
120 2183 207 2234 dolori
219 2198 346 2234 numerus
357 2189 487 2250 angustos
500 2198 569 2234 meo.
671 2187 738 2237 1000

42 2271 63 2306 ὀ
74 2255 95 2304 si
108 2253 180 2321 quod
192 2255 288 2321 pignos
300 2255 445 2303 etiamnum
458 2251 534 2314 latet,

42 2330 87 2374 ior
98 2338 162 2375 ense
172 2324 291 2383 viscera,
303 2332 331 2373 et
341 2321 415 2372 ferro
428 2319 578 2373 extraham.

42 2411 66 2445 m
80 2408 179 2460 perage
191 2401 317 2459 coeptum
329 2391 435 2443 facinus
446 2390 529 2452 (haud
540 2393 611 2444 oltra
617 2409 726 2462 precor,
729 2415 739 2460 p

44 2480 95 2531 que
107 2463 203 2514 saitem
214 2464 343 2530 supplicis
355 2462 427 2513 dona
439 2464 514 2514 meis.

42 2533 170 2586 'erfruere
182 2533 379 2595 ientoscelere;
392 2550 424 2583 ne
436 2533 659 2600 properadoior!
671 2537 738 2586 1005

43 2607 83 2656 ies
95 2612 148 2657 est:
166 2611 289 2669 tempore
300 2611 414 2670 accepto
426 2604 533 2654 utimur.

41 2675 122 2737 festa,
133 2679 233 2726 memet
245 2672 360 2740 perime!
373 2687 415 2723 ne
423 2687 450 2722 υ.
463 2672 587 2724 Misereri
597 2673 680 2725 iubes.

42 2754 76 2797 st:
91 2751 231 2812 peractum
242 2750 291 2794 est.
311 2738 394 2793 Plora
404 2758 457 2792 non
469 2741 561 2802 hebui,
574 2741 661 2803 dolor,

43 2815 72 2866 ,bi
84 2814 199 2868 litarem.
236 2813 352 2864 Lumina
363 2811 416 2862 hue
428 2812 532 2862 tumida
543 2811 647 2875 adlera,

43 2905 45 2934 =
58 2885 150 2937 insoni
173 2884 320 2950 coniugem
333 2884 458 2951 agnoscis
470 2879 561 2932 tuam}
673 2884 748 2931 toxo

43 2971 90 3008 ere
101 2957 189 3007 solen:
199 2955 289 3022 potnit
299 2954 324 3005 in
337 2953 447 3006 coelom
458 2954 520 3005 rias

43 3039 83 3074 rsa
91 3026 195 3091 gemini
205 3024 276 3078 coita
289 3035 442 3097 serpentes
453 3027 527 3098 iugo
