1776 3330
183 438 461 493 AGAMEMNON.
497 441 585 492 ACT.
604 441 638 493 tl.
759 440 805 494 101

26 562 108 612 usae;
119 545 192 614 quod
204 542 301 595 ardeus
311 544 396 611 impia
405 547 481 612 uirgo
493 545 563 607 iaec,

0 617 141 669 hasiaca
151 614 259 682 fugiens
270 629 355 681 regna
365 612 525 665 Thessalica
535 614 625 668 trabe:
759 619 809 669 120
873 659 875 665 ,

29 702 134 749 arrum,
145 681 260 737 venena!
273 676 323 734 ‘vei
333 684 501 750 Mycenaeas
512 684 617 749 domus,
671 743 673 747 ,

4 759 159 810 Coniuncta
168 755 259 817 socio,
271 752 385 821 profuge
398 752 499 805 sundra
509 752 581 805 rate!

8 827 79 890 Quid
89 825 185 877 timida
195 824 313 892 ioqueris
324 822 400 875 furta
410 831 438 875 et
448 824 557 876 axilium
570 828 598 874 et
607 823 703 893 iugasi
772 822 779 839 ⁶

7 897 93 950 Soror
102 896 157 947 ista
167 893 248 957 iecit3
259 897 287 943 te
298 893 379 945 decet
388 895 475 945 maius
486 892 573 946 nefas.

6 980 109 1019 aura.
120 964 226 1031 Regina
235 962 361 1014 Danaum
373 969 401 1015 et
410 964 531 1016 inclitum
544 964 639 1015 Ledae
648 980 743 1032 genus,
760 965 811 1017 tto

8 1035 81 1100 Quid
92 1036 179 1086 tacita
188 1047 295 1095 versas,
305 1033 416 1102 quidve,
428 1035 532 1086 consilii
544 1036 688 1102 impotens,

7 1105 127 1159 Tumido
138 1102 246 1155 seroces
256 1103 374 1168 impetus
385 1105 475 1155 animo
485 1103 574 1172 geris!

8 1177 90 1229 Licet
98 1176 159 1242 ipsa
169 1174 265 1237 sileas,
276 1178 352 1224 totus
361 1173 388 1223 in
400 1173 476 1224 voitu
487 1180 530 1226 est
540 1174 625 1225 dolor.

9 1248 91 1299 Proin
103 1243 232 1313 quidquid
245 1249 301 1306 est,
312 1242 347 1293 da
357 1251 464 1311 tempus
475 1259 508 1295 ac
520 1245 636 1312 spatium
649 1243 707 1295 tibi.

8 1316 89 1380 Quod
99 1316 170 1366 ratio
181 1327 234 1364 non
246 1314 317 1381 quit,
329 1328 412 1380 saepe
422 1316 529 1364 sanavit
540 1329 624 1365 mora.
763 1316 813 1369 130

11 1399 108 1438 carr.
119 1385 228 1435 Maiora
243 1383 380 1446 cruciant,
395 1398 477 1451 quam
492 1391 523 1434 ut
533 1399 624 1435 moras
637 1387 737 1452 possim
749 1386 814 1454 pati.

8 1456 149 1509 Flammas
159 1451 290 1505 medullas
302 1458 330 1504 ct
340 1468 389 1503 cor
399 1459 517 1504 exurunt
527 1469 630 1520 meum;

8 1527 113 1580 Mixtus
124 1523 211 1575 dolori
223 1521 343 1574 subdidit
353 1522 477 1574 stimulos
488 1525 580 1586 timor,

9 1593 331 1660 iuvidiapuisatpectus.
369 1592 441 1644 Hinc
452 1594 569 1645 animum
581 1596 644 1664 iugo
854 1656 856 1659 ι

8 1665 113 1719 Premit
123 1664 229 1732 Cupido
241 1663 381 1729 turpis‚et
392 1664 463 1715 vinci
473 1671 561 1729 vetat3
764 1665 814 1718 tto
854 1678 857 1687 ‘

8 1736 46 1788 Et
55 1737 128 1787 inter
135 1734 203 1785 istas
213 1734 312 1784 mentis
324 1733 452 1786 obsessae
463 1733 547 1797 faces,

9 1807 111 1859 Fessus
123 1802 230 1871 quidem
240 1809 270 1854 et
280 1803 402 1855 deiectus
412 1812 441 1856 et
451 1805 650 1871 pessumdatus,

9 1874 106 1928 Pudor
116 1873 238 1926 rebellat
274 1872 415 1926 Fluctibus
425 1875 507 1926 variis
518 1890 594 1943 agor,

9 1946 59 2010 Ut,
70 1960 132 1996 cum
143 1940 205 1994 irinc
216 1942 379 2010 profundum
391 1950 502 2005 ventus,
514 1941 576 1993 hinc
587 1949 679 1995 aestus
690 1946 771 2013 rapit,

9 2016 120 2068 incerta
129 2012 237 2065 dubitat
247 2013 333 2073 unda,
345 2013 387 2063 cui
399 2011 480 2063 cedat
492 2008 571 2065 niaio.
764 2015 817 2066 140

9 2084 130 2138 Proinde
140 2084 217 2135 omisi
229 2085 350 2153 regimen
363 2097 378 2133 e
390 2083 512 2133 manibus
523 2085 589 2134 meis

11 2157 181 2222 Quocunque
192 2169 235 2204 me
246 2154 300 2216 ira,
312 2168 366 2220 quo
377 2151 468 2214 doior,
479 2168 533 2221 quo
545 2168 607 2219 spes
618 2152 698 2219 seret,

10 2226 74 2278 Huc
83 2226 125 2277 ira
136 2238 261 2292 pergam3
272 2222 399 2275 fluctibus
411 2221 534 2273 dedimus
545 2229 639 2274 ratem.

10 2296 62 2348 Ubi
73 2296 179 2347 animus
191 2299 279 2357 errat,
290 2293 421 2360 optimum
432 2298 475 2343 ast
485 2308 578 2344 casum
590 2297 673 2362 sequi.

10 2380 112 2419 aura.
124 2366 216 2417 coeca
225 2369 268 2416 est
276 2363 430 2426 temeritas,
443 2377 512 2430 quae
524 2365 590 2430 petit
604 2380 696 2416 casum
707 2365 760 2417 du-

530 2448 597 2486 cem.
763 2434 815 2486 115

12 2519 110 2557 carr.
123 2505 171 2556 cui
183 2502 278 2555 ultima
289 2511 331 2555 est
342 2502 466 2566 tortum,
478 2504 537 2571 quis
549 2504 656 2556 dubiam
670 2504 764 2558 timet!

9 2589 112 2627 sorra
124 2574 200 2625 Tuta
210 2579 252 2626 est
262 2573 382 2642 latetque
394 2572 486 2640 culpa,
498 2575 521 2625 si
532 2576 647 2641 pateris,
658 2582 713 2627 tua

12 2659 109 2697 carr.
121 2643 249 2697 Perlucet
260 2658 339 2694 omne
350 2643 441 2710 regiae
452 2644 546 2695 vitium
558 2644 663 2697 domus.

10 2729 114 2768 aura.
125 2712 206 2783 Piget
216 2712 328 2780 prioris,
340 2718 369 2764 et
379 2729 477 2764 norum
490 2715 591 2765 crimen
604 2713 703 2766 struis!

12 2799 112 2837 carr.
123 2784 176 2836 Res
187 2790 230 2836 est
241 2780 365 2849 proiecto
375 2782 460 2833 stulta
472 2785 608 2852 nequitiae
620 2785 723 2835 modus.
766 2785 816 2837 tto

11 2869 113 2907 surra
126 2852 205 2917 Quod
217 2853 327 2913 metuit,
340 2859 435 2921 auget,
448 2854 491 2920 qui
503 2854 592 2905 scelus
603 2853 706 2906 scelere
716 2853 815 2908 obruit.

13 2937 111 2977 curn.
123 2924 159 2976 Et
169 2922 271 2975 ierrum
284 2930 312 2975 et
322 2923 392 2993 ignis
402 2938 487 2994 saepe
496 2923 729 2978 medicinaeioco
740 2930 798 2975 eat.

6 3008 106 3045 rura,
116 2995 249 3046 Extrema
258 2995 350 3063 primo
362 3010 446 3051 nemu
460 2997 674 3053 tentaritiooo.
