1912 3338
323 569 516 620 OCTAVlA.
536 569 622 618 ACT.
636 567 667 618 li.
813 564 864 613 ilii

57 667 800 737 snmidlacera—lauaem,quoddeoet3non,quodlicet.

55 755 154 793 nono.
176 742 272 791 Calcat
292 742 425 791 iae-entem
444 742 547 806 rorigus.
592 753 662 788 san.
684 738 801 789 inrisum

181 856 182 859 ,
530 828 545 856 o
587 810 665 858 riniit.

58 894 158 930 neno.
172 880 283 929 Ferrum
295 885 386 927 tuetur
398 825 606 943 principemPEe
615 893 640 927 u.
652 876 749 928 Melius
762 874 836 926 lidos.

59 964 159 1000 nano.
171 950 259 1000 Decet
268 949 357 998 timeri
372 949 523 997 Caesarem.
536 960 606 998 san.
618 949 651 997 dt
659 947 718 1014 plus
730 945 811 1013 diligi.

59 1033 158 1068 neno.
176 1019 303 1069 Metuant
315 1031 426 1067 necesse
439 1024 520 1067 est...
532 1030 603 1066 sna.
627 1015 762 1083 Quidquid
776 1018 866 1081 expri-

526 1089 615 1146 mitur,
628 1095 767 1154 graveest.
812 1087 866 1136 lto

61 1174 74 1201 n
85 1174 100 1205 a
109 1171 160 1207 no.
177 1158 314 1223 iussisque
328 1155 427 1206 nostris
438 1161 560 1220 pareant.
583 1169 653 1205 sen.
666 1156 742 1206 Iusta
752 1158 865 1223 impera.

57 1240 159 1276 neno.
172 1223 296 1276 Statuam
307 1226 374 1289 ipae.
412 1238 485 1274 san.
506 1225 582 1285 Quae
599 1240 746 1277 consensus
762 1226 866 1276 efficiat

588 1303 657 1346 rata.

58 1379 76 1415 n
85 1379 101 1414 n
111 1379 129 1413 a
138 1379 163 1414 o.
175 1361 347 1429 Despectus!
358 1362 535 1414 Enoisiaciet.
548 1377 621 1414 san.
634 1364 866 1417 lloeabsitnelas.

57 1448 76 1484 n
85 1448 101 1483 n
109 1448 160 1483 no.
172 1434 210 1484 dn
222 1434 315 1500 patiar
324 1432 410 1494 ultra,
421 1435 579 1499 sanguinem
591 1442 712 1485 nostrum
725 1438 788 1503 peti,

58 1504 163 1554 lnultuo
174 1510 203 1554 et
214 1508 366 1553 contemtus
378 1509 409 1552 ut
418 1501 509 1553 subito
516 1505 669 1569 opprimarl
812 1504 864 1557 tot

59 1571 149 1623 Exilia
160 1586 213 1623 non
225 1570 332 1638 fregere
343 1570 494 1639 iummotos
507 1573 602 1638 procul

58 1641 186 1693 Plautum
197 1649 278 1708 atque
290 1638 401 1703 Sullam,
410 1642 534 1708 pertinax
547 1658 660 1708 qnorum
672 1643 748 1693 surm·

58 1712 154 1762 Armat
163 1711 301 1761 ministros
311 1711 421 1762 sceleris
432 1711 457 1760 in
469 1710 581 1761 caedem
592 1728 688 1762 menm.

58 1781 217 1832 Absentiam
228 1796 289 1831 eum
300 1787 409 1831 maneat
422 1781 503 1832 etiam
515 1783 609 1848 ingeni
619 1781 698 1833 favor

57 1852 89 1902 ln
101 1851 285 1911 antenorea,
297 1851 342 1917 qui
353 1849 428 1901 fovet
439 1866 502 1916 spes
515 1851 637 1914 exolum3
811 1854 865 1905 4¹1⁰

59 1920 203 1971 Tollantur
213 1917 306 1969 hostes
318 1935 382 1969 ense
393 1922 512 1985 suspecti
523 1919 597 1970 mihi.

59 1990 149 2038 lovisa
160 1989 257 2038 coniux
269 1995 378 2052 pereat,
390 1996 417 2038 et
428 2004 521 2038 carum
532 1989 581 2038 sibi

58 2055 184 2108 Fratrem
195 2061 333 2122 nequatur.
346 2055 481 2123 Quidquid
493 2057 631 2107 excelsum
643 2066 693 2119 est,
705 2058 794 2110 eadat

61 2138 133 2176 nau.
144 2122 291 2175 Pulchrum
298 2125 417 2176 eminere
428 2132 471 2176 est
480 2127 552 2175 inter
560 2126 679 2178 illustres
690 2130 771 2190 tiron,

60 2193 209 2247 consulere
221 2194 335 2259 patriae,
346 2209 459 2261 parcere
471 2193 593 2257 afflictis,
606 2196 665 2247 fera
812 2200 865 2250 4¹15

59 2263 151 2317 Caede
163 2262 301 2314 abitinere
311 2301 319 2327 ,
330 2271 438 2330 tempus
450 2271 531 2332 atquo
543 2266 599 2316 irae
611 2265 685 2329 dare,

60 2334 127 2386 Orbi
138 2334 265 2400 quietem,
276 2334 369 2383 seculo
383 2350 479 2401 pacem
490 2350 547 2385 suo.

58 2404 139 2456 Haec
150 2418 254 2454 summa
265 2404 364 2468 virtum
376 2405 477 2471 petitur
488 2402 539 2454 hac
552 2404 656 2455 eoelum
668 2409 718 2458 rio

60 2472 106 2526 sic
116 2473 161 2524 ille
172 2474 277 2539 patriae
289 2475 391 2539 primus
401 2475 537 2540 Augustus
549 2490 646 2540 parens

59 2543 224 2610 Complexus
235 2551 309 2592 astra
321 2551 371 2606 ent,
384 2543 481 2595 colitur
492 2550 520 2594 et
530 2545 639 2610 templis
649 2546 724 2602 deus.
810 2549 865 2599 480

57 2613 138 2664 lllum
150 2619 240 2663 tamen
254 2613 376 2663 Fortuna
387 2614 501 2664 iactavit
512 2614 555 2664 dio
919 2613 922 2619 ’

59 2684 148 2734 Terra
160 2683 280 2749 marique
293 2698 341 2749 per
352 2699 449 2751 graves
460 2683 522 2734 belli
534 2686 617 2747 vicen,

57 2751 162 2803 Hostes
175 2752 295 2819 parentis
306 2752 393 2804 donee
413 2756 548 2820 oppressit
558 2756 609 2805 sui.

30 2850 32 2854 .
57 2820 121 2872 Tibi
133 2837 231 2873 numen
242 2823 384 2874 incruenta
394 2825 536 2873 summittit
546 2840 637 2886 suum,
757 2872 758 2875 ,

57 2890 96 2941 Et
107 2889 181 2942 dedit
191 2888 312 2942 habenas
322 2892 419 2958 imperi
429 2893 499 2944 sacili
512 2908 602 2955 manu,
811 2889 866 2945 tet

58 2957 187 3026 Nutuque
200 2968 302 3023 terrae,
315 2963 412 3023 maria,
426 2963 539 3013 subiecit
551 2970 608 3012 tuo.
765 2965 767 2969 '

57 3028 164 3081 lnridia
174 3031 260 3082 tristis
270 3032 341 3082 ricta
353 3047 490 3086 consensu
503 3035 551 3101 plo

52 3097 146 3147 Gemit.
183 3097 302 3154 Senatus
313 3105 416 3173 equitis
429 3121 575 3159 aecensus
587 3101 676 3154 lator
