1912 3338
301 502 506 572 'ocrsvra
535 522 644 574 nori
829 524 880 578 aaa

66 626 246 692 Animumque
258 623 358 674 domini
370 623 472 675 famula
486 625 607 690 possedit
618 626 672 689 diu,

65 697 127 746 vlam
138 695 236 744 metuit
247 693 351 745 cadem.
372 707 447 744 ocu.
465 694 569 762 Nempe
586 696 737 761 praelatam
748 697 800 748 sibi

63 763 201 815 ¹Subiecta
212 768 241 813 et
251 760 373 826 humilis3
385 769 466 830 atque
478 773 653 816 monumenta
664 768 767 818 extruit
828 766 878 818 1⁹5

71 834 175 895 Quibus
186 833 310 882 unionem
323 830 521 884 lassatestatur
530 849 617 885 suum.
738 874 743 888 Ι

69 918 87 953 a
96 916 112 952 u
120 917 138 952 r
145 917 172 952 n.
183 902 219 952 Et
231 899 302 952 hanc
313 902 379 953 leris
389 900 527 969 fallaxque
537 904 670 955 destituet
680 903 747 956 deus

67 972 189 1025 Volucer
199 971 314 1038 Cupido.
327 969 369 1022 Sit
378 971 442 1022 licet
454 971 543 1024 forma
554 975 676 1025 eminens

63 1042 173 1109 v>Opibus
184 1041 316 1110 superbas
327 1040 456 1110 gaudium
468 1045 558 1109 capiet
568 1043 660 1095 breve.

68 1112 155 1163 Passa
168 1117 211 1162 est
221 1110 323 1163 similes
331 1111 394 1178 ipsa
403 1110 513 1162 dolores

65 1182 172 1249 Regina
182 1180 271 1242 deum,

68 1252 137 1303 Cum
148 1266 177 1302 se
188 1248 291 1301 iormas
301 1251 384 1300 vertit
394 1250 421 1299 in
432 1264 527 1302 ornnes

67 1320 201 1372 Dominus
212 1319 282 1371 coeli
293 1319 437 1388 dirumque
449 1325 536 1386 pater,

66 1391 105 1442 Et
114 1389 196 1442 modo
207 1404 311 1457 pennas
320 1391 418 1440 sumsit
428 1389 521 1452 oloris,

66 1459 153 1511 Modo
165 1457 267 1511 Sidonli
281 1473 383 1510 cornua
393 1459 474 1520 tauri,

66 1532 173 1581 Aureus
183 1528 255 1580 idem
266 1527 344 1579 iluait
354 1531 381 1578 in
393 1528 480 1579 imbri.

72 1598 189 1667 l'ulgent
199 1599 277 1650 coelo
289 1598 380 1649 sidera
389 1598 498 1661 Ledae3

67 1669 163 1720 l’atrio
175 1667 277 1721 residet
288 1666 412 1719 Bacchus
423 1668 555 1736 Olympo;

66 1740 141 1791 Deus
154 1738 261 1791 Alcides
272 1738 395 1804 possidet
406 1737 511 1801 Heben,

62 1809 122 1861 Nec
135 1809 245 1860 lunonis
255 1811 309 1859 lam
320 1809 399 1859 timet
408 1810 473 1870 iras,

64 1882 147 1930 Cuius
158 1893 243 1946 gener
253 1884 307 1938 est,
319 1880 364 1946 qui
374 1877 427 1929 tuit
437 1875 532 1937 hostis.

68 1949 141 1998 Vicit
150 1949 260 2014 sapiens
271 1954 363 1997 tamen
375 1947 534 2013 obsequium

65 2017 194 2083 Coniugis
205 2015 277 2065 altae
288 2029 452 2082 pressusque
462 2015 552 2066 dolor:

65 2083 132 2135 Sola
142 2085 296 2134 Tonantem
309 2091 383 2135 tenet
395 2081 518 2135 aetherio

61 2152 170 2205 Secum
179 2159 242 2204 toro
252 2154 369 2204 maxima
379 2154 458 2220 luno;

64 2223 123 2275 Nec
133 2223 242 2275 mortali
254 2228 350 2290 captus
361 2221 449 2274 forma

65 2294 175 2345 [leserit
187 2293 271 2344 altam
282 2294 384 2359 lupiter
396 2293 493 2343 aulam.

60 2365 108 2414 'lu
119 2379 242 2432 quoque,
253 2364 334 2413 terris
345 2362 432 2414 altera
442 2362 520 2423 luno,

63 2435 150 2486 Soror
160 2435 271 2501 Augusti
284 2434 444 2500 coniuxque,
456 2447 554 2500 graves

64 2505 151 2556 Vince
163 2503 284 2555 dolores!

64 2590 81 2624 ο
90 2590 104 2624 c
112 2589 139 2626 τ.
154 2575 304 2640 lungentur
315 2580 377 2624 ante
389 2589 473 2624 saera
481 2571 615 2624 sideribus
628 2569 708 2632 freta,

62 2645 99 2695 Et
110 2646 179 2712 ignis
191 2643 293 2702 undae,
305 2644 423 2694 Tartaro
435 2643 505 2694 tristi
518 2641 604 2708 polus,

63 2715 126 2765 lnux
136 2715 208 2765 alma
219 2713 352 2774 tenebris,
365 2712 490 2763 roscidae
502 2712 575 2762 nocti
588 2711 656 2773 dies,

64 2784 153 2845 Quam
164 2799 226 2835 cum
236 2782 344 2834 scelesti
357 2783 479 2850 coniugis
491 2788 581 2832 mente
593 2782 677 2848 impia

63 2854 143 2904 Mens
154 2859 262 2912 nostra,
273 2867 382 2918 semper
392 2851 485 2902 fratris
496 2851 609 2902 extincti
620 2863 730 2901 memor,

60 2924 170 2974 Utinam
182 2921 291 2973 nefandi
302 2921 435 2988 Principis
446 2921 534 2971 dirum
547 2926 630 2986 caput

60 2992 186 3043 0brusre
197 2990 312 3044 flammis
324 2991 458 3044 Coclitum
469 2996 565 3043 rector
575 2995 673 3058 paret,

52 3062 112 3121 Qui
118 3073 204 3126 saepe
215 3069 305 3114 terras
317 3062 434 3117 fulmine
446 3061 560 3117 inlecto
572 3061 683 3131 quatit,
