1920 3300
330 481 601 535 FRAGMENTA.
813 480 867 535 203

70 604 164 670 qutiens
177 605 228 657 aiii
240 610 355 656 utuntur
365 607 393 655 in
406 604 534 672 gloriani,
549 609 597 654 sut
607 602 788 670 voluptatem,
806 609 867 655 ute·

68 682 112 723 tus
123 676 251 740 agendae
261 674 304 725 rei
314 688 405 725 causa.
443 673 479 722 Et
490 672 574 737 poulo
587 679 661 737 post:
683 674 784 725 Omnis
796 688 866 740 quse

67 742 203 793 luxuriosi
215 743 459 809 ioeiunnquaeque
470 741 693 807 imperiti‚iaciet
704 749 733 794 et
744 744 865 809 sapiens,

66 812 113 863 sed
128 827 184 863 non
196 813 295 864 eodem
307 812 397 872 modo,
409 809 563 874 eodemque
574 810 725 875 proposito.

283 895 349 964 Cep.
361 893 443 948 XVI.
455 890 571 944 eiusdem
583 893 656 945 iibri.

118 967 154 1015 Et
165 964 285 1017 Seneca:
306 965 434 1017 Nondum
446 971 521 1022 suot,
537 962 636 1027 inquit.
654 963 731 1013 mille
744 965 819 1023 enni.
830 980 864 1017 ex

65 1048 119 1097 qoo
132 1034 215 1083 initia
225 1035 382 1100 sapientiae
392 1041 460 1083 note
470 1036 542 1081 sunt.
571 1031 671 1083 Multis
684 1047 752 1099 ergo
763 1033 865 1084 seculis

65 1100 216 1153 humanum
228 1119 316 1170 genus
326 1104 386 1154 sine
397 1103 505 1153 satione
517 1100 593 1150 vixit.

369 1182 437 1251 Cap.
448 1181 525 1235 XX!
528 1184 564 1235 11.

117 1254 217 1304 Fuisse
229 1254 335 1306 Seneca
346 1254 419 1304 intes·
431 1253 541 1304 Stoicos
554 1253 608 1313 ait,
629 1255 674 1317 qui
686 1251 865 1314 deliberaret,

64 1332 197 1373 utrumne
209 1323 269 1374 Soii
280 1337 388 1388 quoque
398 1337 464 1373 suos
474 1320 595 1388 populos
606 1320 697 1372 deret:
709 1322 802 1387 inepte
814 1324 865 1372 soi·

63 1393 143 1455 iicet,
154 1393 200 1457 qui
215 1392 394 1443 dubitaverit.
695 1418 698 1423 ·

379 1474 444 1543 Cep.
457 1474 554 1528 XXV.

119 1545 263 1596 Pietonem
277 1544 387 1609 quidem
399 1546 679 1597 redemissetinicesis
692 1546 801 1611 quidam
810 1550 865 1596 tta·

63 1616 141 1663 ditus·
151 1614 290 1665 sestertiis
303 1613 375 1664 viii.
404 1614 501 1682 itaque
514 1616 667 1666 insectatus
680 1622 724 1666 est
735 1615 864 1666 conviciis

62 1683 250 1736 redemtorem
262 1681 380 1745 Seneca,
397 1684 468 1749 quod
481 1698 566 1751 parvo
578 1683 722 1736 Platonem
735 1685 864 1736 aestima·

62 1752 147 1804 verit.

341 1819 402 1872 Lit.
419 1818 449 1882 V,
460 1836 518 1887 cap.
533 1819 584 1873 iX.

112 1889 167 1949 Qui
180 1890 274 1940 volent
286 1890 359 1941 scire
370 1892 478 1951 omnia,
490 1888 615 1942 Senecae
626 1891 712 1941 libros
723 1891 752 1940 in
763 1904 860 1941 manus

58 1965 186 2018 eumont,
208 1959 255 2023 qui
273 1972 378 2009 ntorum
390 1960 578 2025 visionemque
589 1959 762 2026 publicorum
774 1965 803 2009 et
815 1957 861 2011 de·

58 2028 184 2095 scriptor
192 2027 364 2091 verissimus,
376 2034 403 2078 et
414 2035 559 2079 accusatos·
570 2029 723 2081 acerrimus
734 2025 795 2078 suit.

284 2110 412 2164 Eiusdem
422 2114 468 2165 tii.
479 2130 538 2181 cop.
550 2111 598 2165 X!
602 2111 633 2163 11.

113 2181 201 2233 Recte
211 2181 299 2248 igitur
310 2181 430 2244 Seneca,
452 2184 691 2250 incongruentiam
704 2179 859 2232 hominibus

61 2250 220 2311 obiectans,
241 2251 291 2300 ait:
315 2249 428 2302 Summe
443 2254 531 2303 virtus
547 2252 605 2303 iiiis
622 2251 730 2301 videtur
746 2265 860 2318 maffeus

63 2320 186 2369 animos:
206 2325 235 2370 et
247 2317 328 2370 iidem
340 2334 418 2380 eom,
438 2321 485 2388 qui
496 2322 648 2373 contemnit
659 2326 790 2381 mortem,
811 2334 860 2385 pso

62 2386 170 2440 furioso
182 2386 297 2440 hebent.
332 2387 413 2450 Quod
425 2396 468 2441 est
478 2390 575 2456 utique
587 2404 710 2442 summae
722 2389 861 2457 perversi-

60 2458 137 2510 totis.

310 2524 371 2578 hit.
387 2523 433 2588 Vi,
444 2543 503 2594 cop.
516 2524 544 2578 X
551 2525 612 2580 1111.

112 2595 181 2646 item
195 2593 335 2657 Senecae,
356 2594 384 2645 in
397 2594 475 2646 iibris
487 2595 606 2647 Moraiis
615 2594 812 2663 Philosophiae
823 2593 862 2645 di·

62 2665 164 2715 centis:
186 2663 243 2714 Hic
254 2669 298 2714 est
309 2663 358 2715 iile
368 2661 451 2715 homo
464 2663 607 2726 honestus,
626 2680 680 2717 non
692 2667 779 2732 apice,
800 2677 863 2728 pur·

61 2745 175 2797 pomve,
197 2746 253 2783 non
266 2731 395 2784 lictorum
407 2733 525 2800 insignis
537 2734 704 2795 ministerio,
725 2733 774 2785 sed
785 2730 863 2783 nulia

62 2815 92 2852 re
102 2802 210 2852 minor:
232 2800 279 2866 qui
291 2816 372 2867 quum
384 2808 500 2854 mortem
513 2804 541 2853 in
552 2804 643 2855 vicino
654 2802 741 2865 videt,
755 2813 814 2850 non
824 2797 868 2851 sic

61 2872 253 2934 perturbatus,
274 2876 402 2936 tanquam
412 2886 470 2924 sem
482 2889 582 2929 novem
595 2874 717 2929 viderit:
740 2871 801 2943 qni,
816 2868 883 2923 sine

61 2944 120 2987 toto
135 2952 251 3013 corpore
265 2943 403 2992 comente
416 2946 558 3009 potienda
574 2955 662 3015 sunt,
689 2948 755 3002 sive
770 2943 899 2998 Samma

49 3003 262 3065 0'21001'1’1011‘12
274 3013 329 3069 est,
350 3010 413 3066 sire
425 3022 641 3080 extendendae
654 3039 713 3096 per
725 3014 915 3096 oat'itioiom

41 3241 83 3288 edi
114 3252 123 3261 ⁸
