1776 3330
59 458 110 510 216
267 457 299 506 L.
328 454 488 507 ANNAEI
517 454 709 508 SENECAE

136 559 223 611 Dulce
235 560 359 610 lamentis
370 573 501 610 resonare
511 558 620 628 gentes!

57 631 124 682 1015
135 629 249 680 Lentius
260 629 349 679 luctus
360 629 543 696 lacrimaeque
553 628 688 693 mordent,

138 698 233 748 Turba
244 714 311 765 quas
322 698 388 748 lletu
400 698 493 748 similis
503 697 669 765 frequentat.

139 767 268 833 Semper,
280 765 329 829 ab,
341 783 451 832 semper
462 767 541 818 dolor
551 776 594 818 est
606 769 745 838 malignus:

140 836 250 888 Gaudet
259 839 285 886 in
297 837 396 887 multos
414 851 464 887 sua
475 835 533 887 lata
543 837 624 899 mitti,

140 902 229 973 Seque
240 921 292 957 non
305 906 391 956 solum
402 905 536 972 placuisse
548 921 662 972 poenae.

60 977 128 1026 1020
140 976 237 1037 Ferre,
249 990 328 1043 quam
340 983 441 1025 sortem
454 977 595 1041 patiuntur
606 991 706 1037 omnes,

142 1045 229 1095 Nemo
240 1050 362 1106 reeusat3

140 1113 227 1164 Nemo
237 1128 266 1165 se
278 1114 365 1164 credit
376 1114 517 1176 miserum,
530 1114 594 1166 licet
605 1116 648 1166 sit.

140 1183 218 1235 Tulle
229 1181 338 1244 felices3
349 1190 490 1234 removeto
502 1184 588 1235 multo

142 1252 250 1302 Divites
261 1268 341 1314 aur03
353 1260 494 1304 removeto
506 1262 614 1304 centum

60 1320 128 1370 1025
141 1321 215 1371 llura
226 1323 270 1388 qui
282 1321 408 1371 scindunt
419 1321 550 1388 opulenta
559 1323 659 1372 bubus:

141 1391 259 1457 Pauperi
272 1398 384 1458 surgent
395 1393 475 1441 animi
487 1393 616 1442 iacentes.
637 1387 639 1393 ⁴

142 1461 190 1510 Est
200 1462 281 1512 miser
293 1476 386 1521 nenio,
398 1461 450 1510 nisi
461 1469 643 1526 comparatus.

141 1529 227 1579 Dulce
238 1531 264 1579 in
277 1531 414 1580 immensis
426 1532 516 1596 posito
527 1531 620 1592 ruinis,

140 1597 280 1649 Neminem
292 1599 380 1649 laetos
391 1597 518 1650 babuisse
530 1600 627 1651 vultus.

60 1667 127 1717 1030
138 1669 185 1718 llle
198 1667 323 1734 deplorat
334 1670 509 1737 queriturque
521 1668 617 1730 fatum,

140 1738 192 1800 Qui
203 1752 299 1787 secans
311 1736 423 1787 lluctum
435 1747 495 1789 rate
508 1740 635 1806 singulari

140 1806 235 1857 Nudus
245 1807 272 1856 in
284 1814 379 1873 portus
391 1808 492 1858 cecidit
503 1811 618 1874 petit0s3

140 1877 259 1945 nequior
270 1883 362 1928 ca‘sum
373 1876 436 1927 tulit
447 1883 475 1929 et
486 1878 630 1943 proeellas,

141 1946 216 1997 Mille
228 1948 272 2014 qui
284 1955 369 2013 ponto
380 1949 483 2014 pariter
495 1949 602 1998 carinas

62 2015 129 2068 1035
142 2018 227 2067 Obrui
239 2017 320 2080 vidit,
332 2017 479 2083 tabulaque
489 2016 566 2068 littus

140 2085 282 2153 Naufraga
292 2088 398 2154 spargi,
410 2100 485 2137 usare
497 2102 558 2136 cum
570 2089 672 2138 coactis

139 2155 281 2207 Fluctibus
293 2158 379 2208 Corus
391 2152 517 2222 prohibet
529 2158 636 2207 reverti.

140 2226 259 2287 Questus
271 2234 313 2277 est
323 2226 421 2277 Hellen
433 2225 564 2276 cecidisse
576 2224 710 2295 Phryxus,

140 2296 206 2345 Cum
219 2297 309 2364 gregis
320 2296 417 2346 ductor
426 2295 551 2346 radiante
561 2294 624 2347 villo

60 2361 128 2413 1010
139 2365 228 2415 Aureo
240 2363 353 2416 fratrem
363 2364 443 2416 simul
455 2370 483 2414 et
493 2378 616 2416 sororem

141 2431 257 2484 Sustulit
268 2442 360 2502 tergo,
372 2434 515 2502 medieque
526 2435 632 2486 iactum

139 2502 217 2553 Fecit
227 2504 254 2552 in
266 2511 364 2569 pont0;
376 2505 464 2555 tenuit
476 2504 600 2571 querelas

139 2572 175 2622 Et
185 2573 226 2622 vir
237 2580 265 2623 et
277 2572 399 2639 Pyrrhe,
411 2588 485 2623 mare
496 2589 557 2623 cum
570 2574 699 2635 viderent,

139 2641 176 2691 Et
187 2639 252 2693 nibil
263 2649 373 2708 praeter
383 2656 458 2693 mare
470 2658 531 2693 cum
544 2643 674 2704 riderent,

58 2709 127 2762 1015
139 2711 215 2762 Unici
227 2713 307 2761 terris
318 2709 440 2762 homines
448 2711 546 2763 relicti.

142 2778 236 2832 Solvet
248 2779 320 2832 hunc
331 2788 453 2842 coetum,
466 2781 646 2853 lacrimasque
657 2788 756 2833 nostras

137 2850 262 2926 Sparget
273 2849 328 2905 bue
337 2850 402 2903 illuc
411 2853 516 2918 agitata
527 2851 632 2915 classis,

132 2930 176 2985 Et
187 2930 259 2984 tuba
271 2926 341 2983 iussi
353 2924 420 2978 (lare
428 2920 613 2980 selmum„

129 3007 205 3061 Cum
217 3005 306 3062 simul
318 2999 415 3055 uentis
423 2995 597 3067 preperante
604 3001 681 3037 reme
