1920 3300
326 451 623 507 FRAGMENTA..
808 456 861 508 207

63 575 208 636 mortales,
230 571 463 639 inviolabilesque
475 575 542 626 deos
555 575 582 624 in
595 575 713 626 materia
725 573 862 627 vilissima

63 652 142 711 atque
162 642 302 693 immobili
320 642 458 694 dedicant.
496 645 617 694 Habitus
632 643 690 694 illis
706 643 860 708 hominum,

62 712 248 778 terarumque,
268 718 297 764 et
307 713 435 778 piscium,
457 710 567 777 quidam
579 725 646 762 vero
659 714 761 765 mixtos
774 728 807 764 ex
821 715 859 763 di-

63 783 145 834 rersis
159 781 324 846 corporibus
334 780 461 831 induunt.
498 780 621 831 Numina
632 789 739 844 nocant,
756 783 861 848 quaesi

62 852 162 917 spiritu
178 857 296 915 accepto
314 851 406 901 subito
424 856 616 910 occurrerent,
637 857 761 901 monstra
778 851 860 901 lrabe-

61 929 167 973 reutur.
202 918 312 970 Deinde
334 919 477 985 aliquanto
497 924 575 985 post,'
596 917 862 984 quum-theologiam

61 988 216 1040 naturalem
238 987 414 1054 praedicans,
436 986 610 1054 quorundam
631 986 860 1054 pbilosophorum

61 1059 217 1110 sententias
229 1055 401 1124 digessisset,
414 1057 544 1122 opposuit
554 1056 608 1107 sibi
621 1058 822 1122 quaestionem,
834 1064 863 1106 ot

62 1128 114 1178 ait:
138 1128 200 1177 lloc
215 1126 278 1177 loco
296 1124 371 1177 dicet
385 1125 499 1191 aliquis:
521 1125 637 1176 Credam
650 1139 701 1193 ego
714 1126 821 1177 coelum
834 1133 863 1175 ct

61 1205 165 1248 terram
177 1195 244 1246 deos
256 1209 325 1256 esse,
345 1201 374 1246 et
384 1209 468 1260 supra
479 1195 572 1245 lunam
585 1194 667 1255 ulios,
689 1194 760 1246 inira
773 1195 860 1245 aliosi

61 1265 121 1332 Ego
134 1264 222 1315 leram
235 1275 283 1314 aut
295 1263 449 1325 Platonem,
461 1270 510 1314 aut
522 1262 737 1329 Peripateticum
750 1262 859 1314 Strato·

60 1349 137 1394 nens,
159 1348 274 1400 quorum
292 1333 365 1384 alter
376 1332 442 1384 iacit
454 1332 542 1382 Deum
560 1333 620 1383 siue
637 1346 769 1396 corporo,
790 1331 862 1381 alter

59 1403 122 1453 sine
134 1401 241 1452 animol
253 1403 289 1452 Et
301 1400 335 1452 ad
346 1399 399 1454 hoc
409 1400 671 1467 respondens,Quid
683 1399 810 1451 tandem!
823 1401 862 1450 in·

59 1472 136 1538 quite
152 1471 269 1523 l'erioro
280 1471 331 1521 tibi
344 1471 473 1523 ridentur
483 1472 516 1520 ¹1¹.
528 1472 613 1532 Tatii,
624 1477 672 1521 urst
685 1470 801 1529 Romuli,
813 1476 862 1519 aut

59 1541 138 1591 'l'ulli
152 1540 268 1590 Hostilii
281 1539 407 1590 somniat
429 1539 588 1592 Cloacinam
599 1541 632 1590 T.
644 1540 742 1590 'l'atius
755 1539 860 1589 didica-

59 1611 103 1660 sit
114 1609 204 1670 deam,
222 1609 315 1659 l'ioum
327 1609 542 1675 'tiberinumque
552 1607 697 1670 Romulus,
722 1607 860 1660 llostilius

60 1679 196 1730 Pavorem
208 1684 292 1745 atque
305 1677 452 1738 Pallorem‚
470 1681 633 1729 teterrimos
643 1676 782 1729 hominum
796 1677 862 1729 alfe·

60 1756 136 1800 ctus:
158 1760 273 1813 quorum
287 1747 359 1798 alter
370 1747 471 1798 urentis
483 1748 600 1798 territae
611 1755 703 1798 motus
716 1754 767 1808 est,
788 1747 861 1798 alter

60 1817 201 1883 corporis,
222 1830 256 1866 ne
272 1818 384 1867 morbus
396 1816 519 1883 quidem,
540 1815 588 1867 sed
600 1817 687 1868 colors
724 1817 802 1867 llaec
813 1811 864 1865 nu·>

60 1888 135 1936 mina
147 1886 241 1951 potius
253 1884 358 1945 credes,
374 1892 402 1936 et
415 1885 493 1938 coelo
504 1884 640 1950 recipient
661 1887 703 1937 De
715 1885 783 1950 ipsis
794 1899 861 1935 vero

61 1955 165 2006 ritibus
176 1953 329 2006 crudeliter
341 1954 468 2020 turpibus
480 1969 560 2021 qinom
568 1952 790 2020 tiberescripsitt
801 1952 861 2014 lile,

61 2023 164 2091 inquit,
183 2022 280 2073 viriles
292 2024 346 2073 sibi
359 2031 453 2089 partes
466 2028 606 2090 amputat,
626 2023 676 2075 ille
688 2024 808 2074 lacertos
820 2035 862 2073 se·

62 2101 117 2145 eat.
136 2093 187 2144 Ubi
202 2092 291 2143 iratos
301 2092 368 2144 deos
380 2094 490 2155 timent,
501 2094 547 2160 qui
559 2096 600 2144 sic
610 2092 747 2158 propitios
759 2089 862 2142 babere

60 2160 222 2215 merenturt
233 2160 279 2211 Dii
290 2168 383 2213 autom
395 2162 473 2213 nullo
485 2162 537 2228 ipsi
550 2161 651 2212 debent
662 2162 714 2212 coli
721 2173 832 2227 genere,
838 2158 862 2209 si

61 2238 91 2283 et
100 2231 154 2283 hoe
164 2229 272 2281 volunt.
309 2231 415 2281 'l'antus
425 2238 470 2282 est
481 2232 659 2296 perturbatae
672 2230 771 2280 nientis
783 2235 810 2280 et
821 2244 864 2281 se·

62 2300 144 2351 dibus
154 2300 213 2352 suis
226 2299 323 2366 pulsae
334 2299 457 2362 furor,ut
468 2301 510 2352 sic
520 2301 560 2351 dii
571 2299 722 2365 placentur,
733 2296 863 2366 quemod-

61 2366 175 2419 modum
187 2383 222 2418 nc
231 2367 357 2420 homines
368 2369 477 2436 quidem
489 2370 623 2421 saeviunt.
661 2369 822 2432 l'eterrimi,
833 2372 864 2420 et

60 2439 89 2489 in
100 2436 210 2488 fabulas
221 2437 344 2489 traditae
356 2439 532 2490 crudelitatis
543 2438 863 2505 tyranni,lnccrarerunt

62 2507 218 2574 aliquorum
233 2505 506 2569 membra,neminem
518 2523 568 2559 sua
579 2508 703 2560 lacerare
713 2508 864 2560 iusserunt.

66 2576 94 2627 lu
110 2576 205 2642 regiae
216 2575 341 2625 libidinis
354 2578 524 2643 voluptatem
538 2578 656 2628 castrati
668 2584 731 2628 sunt
743 2577 863 2644 qnidam,

64 2645 109 2697 sed
120 2660 203 2697 nemo
216 2645 281 2705 sibi,
299 2661 333 2696 ne
344 2647 387 2697 vir
397 2655 480 2708 esset,
496 2647 608 2697 iubente
620 2646 742 2708 domino,
764 2659 862 2696 nrenus

64 2712 168 2765 intulit.
207 2712 242 2764 Se
255 2715 306 2779 ipsi
318 2715 347 2765 in
360 2717 472 2781 templis
485 2715 691 2776 contrucidant,
702 2714 865 2765 vulneribus

65 2785 120 2834 suis
131 2799 164 2835 ac
176 2785 313 2849 sangnine
324 2786 489 2850 supplicant.
508 2785 537 2837 si
548 2787 591 2835 cui
603 2785 874 2851 intueriracetnuae

65 2850 178 2914 burins,
200 2867 327 2918 quaeque
341 2854 497 2918 patientum
518 2857 645 2913 inveniet
662 2863 724 2912 tam
741 2855 889 2908 indecora

65 2918 199 2980 innatis,
222 2921 398 2987 tarnindigns
409 2923 525 2993 liberis,
549 2938 610 2985 tam
624 2922 794 2987 dissimilia
802 2926 903 2987 sanis,

1 3007 3 3026 l
59 2997 172 3048 ‘'um‘’
181 2985 269 3036 'wi‘
280 2988 470 3065 dubitatum,
493 2999 602 3062 furere
616 3023 684 3076 eos,
704 3007 731 3062 si
746 3018 819 3060 cum
833 3012 913 3072 pau·
