1912 3338
154 486 381 540 HERCULES
402 489 606 542 OE'l‘AEUS.
634 493 774 545 AC'l'.ll.
816 496 864 545 sot
936 540 937 545 ,

56 597 94 648 Et
103 594 164 661 ipsa
175 591 276 655 late0r3
288 593 336 643 seri
349 592 427 642 dolor
438 593 496 642 lieri
508 594 591 645 iubet

57 678 159 716 suan.
169 662 299 714 Moriere.
317 674 434 712 aaran.
450 663 554 713 Mon'ar
565 664 691 718 Herculis
706 683 804 734 nempe

66 783 70 790 ,
573 734 657 783 incliti

58 805 177 863 Coniux,
189 816 239 851 nec
251 801 319 850 ullus
331 807 411 850 noete
424 801 547 852 discussa
558 802 616 853 dies

56 873 176 925 Viduam
184 871 303 932 notabit,
316 886 366 921 nee
377 886 452 920 meos
462 871 550 937 pellex
561 880 639 922 toros
816 874 866 925 335

57 942 173 1010 Captiva
184 942 281 1006 capiet
318 942 386 991 Ante
399 940 432 990 ab
444 957 544 992 occasu
556 942 614 991 dies

56 1011 207 1072 Nascetur,
219 1009 301 1060 lnrlos
313 1017 376 1061 ante
389 1010 509 1077 glacialis
521 1011 608 1076 polus,

57 1078 211 1147 Scythasve
223 1079 315 1145 tepida
327 1079 454 1130 Phoebus
465 1081 569 1132 inficiet
579 1087 649 1142 rota,

56 1154 145 1213 Quam
157 1166 200 1200 me
211 1150 332 1200 relictam
345 1148 494 1200 Thessalae
506 1152 658 1217 adspiciunt
668 1153 765 1203 nurusl

56 1222 122 1272 Meo
133 1218 237 1286 iugales
248 1221 378 1286 sanguine
391 1221 546 1286 extinguam
559 1220 647 1271 laces!
816 1221 866 1272 34⁰

56 1293 110 1341 Aut
120 1295 216 1357 pereat
230 1324 238 1350 ,
250 1295 297 1338 aut
309 1304 350 1338 me
363 1288 489 1354 perimatl
501 1290 573 1339 elisis
584 1288 649 1341 teris

57 1361 93 1411 Et
105 1360 248 1426 coniugem
261 1358 356 1409 aclrlatl
367 1360 439 1408 inter·
451 1359 604 1409 Herculeos
614 1360 679 1410 lieet

56 1431 103 1480 Me
114 1444 222 1496 quoque
234 1428 343 1479 labores
356 1436 491 1479 numeret:
503 1429 614 1480 Alcidae
625 1435 702 1480 toros

56 1500 192 1550 Moritura
204 1505 279 1548 certe
290 1514 406 1563 corpore
417 1499 567 1565 amplectar
578 1511 647 1548 meo.

58 1571 113 1629 lre,
124 1571 165 1619 ire
178 1568 212 1617 ari
225 1568 334 1618 unrbras
346 1568 472 1618 Herculis
484 1574 596 1633 nuptam
607 1568 688 1629 libet,
815 1570 865 1619 345

57 1639 111 1690 Sed
124 1655 178 1688 non
189 1638 310 1689 inultam.
349 1637 377 1688 Si
389 1639 452 1706 quid
463 1654 478 1688 e
490 1646 584 1688 nostro
596 1639 715 1689 Hercule

57 1708 190 1775 Concepit
202 1707 270 1757 lole:
282 1709 405 1758 manibus
417 1709 529 1758 evellam
540 1708 606 1759 nreis

56 1781 139 1839 Ante,
151 1785 180 1829 et
191 1793 240 1844 per
249 1780 322 1844 ipsas
335 1779 456 1844 pellicem
469 1779 594 1829 invadam
606 1778 693 1831 laces!

55 1850 102 1900 Me
114 1847 225 1914 nuptiali
239 1849 376 1899 victimam
388 1849 470 1899 feriat
480 1850 524 1901 dle

56 1916 189 1980 Infestus,
202 1917 275 1967 lolcn
288 1919 351 1967 (lum
361 1935 445 1984 supra
455 1921 606 1970 exanimem
617 1918 706 1969 ruaml
815 1918 864 1968 350

55 1988 132 2040 Felix
145 1989 230 2049 iacet,
240 1989 406 2054 quicunque,
418 2004 485 2054 quos
497 1987 568 2050 odit.
581 1989 686 2053 premit.

56 2072 98 2108 su
108 2072 126 2107 τ
135 2072 160 2106 n.
174 2057 243 2117 uuirt
255 2059 316 2122 ipsa
329 2056 450 2107 flammas
462 2059 552 2122 pascis
563 2062 591 2107 et
604 2062 710 2105 vastum
721 2053 799 2106 foves

56 2129 134 2179 Ultro
146 2127 282 2185 dolorem,
293 2125 409 2176 niiseral
430 2125 494 2192 quid
506 2140 612 2175 cassum
623 2123 720 2174 timesl

55 2198 159 2248 Dilexit
171 2197 243 2246 loleu
256 2212 365 2262 nempe,
378 2211 439 2245 curn
452 2202 538 2246 staret
549 2211 656 2262 pareus,

55 2267 191 2335 Regisqne
204 2274 295 2316 natam
307 2271 422 2332 peteret
460 2266 488 2315 ln
500 2263 619 2316 famulae
630 2264 719 2314 locum
815 2266 864 2315 355

55 2337 160 2388 Revina
172 2336 283 2386 cecidit:
297 2336 414 2401 perdidit
426 2336 497 2384 vires
508 2351 594 2396 amor,

54 2379 226 2473 Multumque
238 2406 328 2456 abillo
341 2406 425 2455 traxit
437 2403 529 2454 infelix
541 2410 638 2457 status.

56 2477 156 2527 illicita
168 2474 307 2537 amantur,
319 2475 434 2535 excidit,
445 2474 573 2543 quidquid
584 2475 655 2526 licet.

56 2561 74 2596 n
82 2560 100 2597 r.
108 2560 173 2596 run.
188 2546 307 2595 Fortuna
318 2561 436 2596 arnorem
449 2546 524 2612 psior
533 2543 684 2597 inflammat
695 2545 789 2614 niagis.

55 2618 136 2666 Amat
147 2616 189 2665 vel
201 2615 304 2680 ipsum,
315 2615 388 2682 quod
400 2622 476 2666 caret
488 2617 576 2681 patrio
587 2615 653 2676 lare,
813 2615 864 2666 360

55 2686 136 2748 Quod
148 2685 235 2734 nudus
248 2700 315 2734 auro
327 2687 408 2736 crinis
418 2692 446 2736 et
456 2701 565 2753 gemma
575 2688 661 2749 iacet,

54 2756 133 2823 lpsas
146 2756 300 2806 misericors
313 2753 406 2806 forsan
418 2771 561 2805 aerumnas
573 2762 655 2807 amat.

57 2839 156 2875 nura
170 2825 229 2874 lioc
242 2826 371 2874 usitatum
383 2833 425 2875 est
434 2826 561 2886 Herculi,
573 2831 669 2892 captas
680 2828 762 2874 amat

55 2893 165 2945 Dilecta
176 2894 275 2944 Priami
287 2910 383 2960 nempe
396 2895 525 2945 Dardanii
537 2910 618 2944 soror

55 2965 195 3014 Concessa
206 2962 307 3014 laniulo
319 2971 370 3014 est.
408 2965 504 3023 Adice,
517 2971 585 3031 quot
596 2967 695 3029 nuptas
705 2963 794 3029 prius,
814 2962 868 3011 tia

56 3035 132 3096 Quot
145 3035 260 3100 virgines
272 3034 379 3105 dilexit:
391 3035 604 3105 erravitiagus.
643 3066 652 3086 0
