1920 3278
121 452 172 502 170
404 450 627 504 SENECAE

118 569 219 636 quibus
230 568 259 620 in
273 564 378 621 morem
391 570 610 623 berbeetlumma
620 567 768 636 dependet,
781 574 810 621 et
821 583 917 649 eorprm

118 642 164 705 qui
177 639 296 705 undique
308 639 382 690 circe
397 655 427 690 ee
442 639 519 691 velut
530 654 636 690 comem
655 644 805 706 spargunt,
826 645 854 689 et
872 653 919 689 en·

116 722 176 757 rum
190 709 287 772 quibus
300 706 379 759 fusus
391 707 502 774 quidem
516 716 561 759 eet
581 711 662 774 ignis,
681 709 730 759 ned
743 709 773 760 in
783 706 917 759 verticem

116 775 246 827 tendens:
258 783 350 828 temen
362 792 458 829 omnen
471 778 518 827 isti
530 777 655 829 eiusdem
667 783 751 829 notue
762 787 843 837 nunt,
865 776 916 829 Co·

115 852 261 911 metuoque
283 853 359 898 rerte
376 847 515 897 dicuntur.
553 848 676 908 Quorum
688 861 770 913 quum
782 845 914 912 portion·

115 928 179 980 gum
192 920 301 980 tempus
313 923 464 981 appareant
474 914 598 977 furorne,
618 915 692 965 inter
703 930 733 965 se
744 929 792 966 eor
803 928 914 980 eompu-

114 998 178 1034 rure
189 982 303 1035 difficile
319 995 370 1034 est.
406 982 430 1035 3.
452 984 504 1034 iiio
520 985 580 1049 ipso
598 991 737 1050 tempore,
760 998 813 1049 quo
829 997 914 1049 oppu-

114 1059 186 1115 rent,
202 1053 275 1105 inter
286 1058 447 1119 npoctnnten
466 1053 501 1104 de
514 1052 611 1103 hubitu
622 1052 735 1102 illorum
747 1067 802 1103 non
813 1066 911 1103 conre-

112 1123 168 1171 nitr
190 1121 238 1171 sed
254 1128 335 1186 prout
353 1123 553 1188 cuiqueuerior
564 1122 639 1172 ecies
650 1129 698 1172 aut
710 1120 853 1181 hebetior,
874 1122 913 1170 ito

112 1188 184 1241 dicit
195 1197 242 1240 out
253 1190 415 1242 lucidiorem
429 1207 489 1243 esee
501 1198 549 1242 uut
560 1190 796 1252 rubicundiorem,
816 1196 845 1240 et
858 1190 910 1239 eri·

113 1275 162 1311 nee
175 1260 261 1311 autin
274 1261 412 1312 interiore
423 1258 556 1312 deductos
562 1297 570 1323 ,
591 1266 640 1310 aut
655 1261 683 1310 in
694 1260 785 1311 lutera
798 1259 911 1311 diuinos.

113 1328 168 1381 Sed
180 1331 238 1380 niro
250 1330 307 1381 nint
323 1330 432 1395 aliquae
447 1329 621 1381 differentiae
636 1329 763 1390 iliorum,
784 1329 842 1379 sire
859 1342 912 1378 non

113 1399 184 1456 nint,
195 1398 292 1450 endem
314 1401 382 1450 fiunt
404 1402 510 1451 ratione
533 1414 645 1450 neeeone
662 1406 704 1450 est
725 1399 865 1449 Cometen.
887 1396 911 1446 4.

112 1467 184 1518 liiud
197 1483 280 1518 unum
295 1478 422 1520 connitere
434 1468 528 1529 debet,
550 1475 662 1535 praeter
676 1465 791 1518 erilitnm
805 1465 911 1532 adspici

111 1551 210 1587 norum
233 1537 334 1588 sideris
356 1537 468 1600 faeiem,
491 1538 564 1588 cirea
583 1553 613 1589 oe
632 1537 798 1603 dissipatum
821 1538 910 1603 ignem

112 1605 260 1656 trahentis.
297 1605 468 1664 Quibusdam
489 1608 664 1672 antiquorum
681 1605 750 1657 hnee
764 1605 910 1671 plaeetru·

112 1677 166 1724 tio:
190 1674 279 1734 Quum
298 1690 331 1725 ex
347 1676 438 1726 stellis
454 1675 711 1728 errantibueolteru
722 1690 753 1726 re
764 1675 847 1725 atteri
862 1688 909 1740 np-

112 1743 219 1808 plicuit,
232 1742 348 1794 confnoo
360 1746 388 1796 in
401 1761 484 1798 unum
497 1745 611 1795 duarum
624 1745 738 1804 lumine,
750 1743 911 1795 socieminn·

111 1812 198 1877 gioris
221 1812 323 1863 rideris
346 1813 433 1865 reddi.
472 1814 528 1865 Nec
547 1812 598 1865 hoc
614 1821 679 1863 tune
691 1821 798 1864 tentum
810 1815 909 1871 evenit,

110 1897 193 1946 qrrum
215 1881 299 1934 stelin
314 1883 423 1933 nteilum
436 1883 543 1949 attigit,
555 1884 604 1935 ned
617 1884 700 1934 etium
713 1898 794 1949 quum
807 1897 905 1948 nppro·

111 1953 262 2016 pinquaeit.
300 1950 477 2002 interuallum
490 1954 579 2017 enim,
601 1952 672 2018 qnod
689 1954 763 2003 inter
775 1950 844 2002 duur
856 1958 905 2010 ent,

109 2021 312 2072 iliustreturub
325 2028 459 2087 utruque,
480 2019 731 2088 inflammaturqne,
754 2016 781 2071 et
792 2021 906 2088 longum

108 2089 199 2156 ignem
213 2089 305 2141 efficit.

162 2159 222 2209 Χ11.
243 2159 295 2210 Hie
310 2158 379 2211 iliud
398 2159 637 2224 respondebimus,
658 2165 763 2209 eertum
782 2174 844 2212 esse
860 2174 906 2208 mr·

108 2240 213 2276 merum
233 2228 378 2279 stelionum
395 2228 548 2280 mobilium.
584 2227 682 2280 Solere
697 2235 788 2279 eutem
810 2227 906 2279 eodem

109 2303 235 2360 tempore
248 2304 275 2346 et
286 2295 336 2346 inne
349 2311 496 2362 apparere,
512 2304 541 2348 et
552 2298 694 2349 Cometen.
733 2299 773 2348 Ex
786 2311 839 2362 quo
853 2311 907 2347 mn·

109 2363 238 2413 nitentum
250 2365 465 2424 {indomitarum
477 2367 552 2416 coitu
565 2366 623 2417 fieri
636 2368 777 2426 Cometen,
788 2365 837 2417 sed
847 2381 907 2431 pro·

107 2433 197 2498 prium
212 2439 240 2483 et
251 2434 294 2481 eui
307 2433 375 2485 iuris
387 2449 457 2486 osse.
494 2435 658 2486 Etiamnunc
670 2434 833 2500 frequenter
843 2432 908 2485 otei·

108 2500 136 2551 in
153 2499 325 2551 snnnnioris
337 2502 437 2554 ntellue
453 2505 601 2571 vestigium
614 2504 703 2554 venit:
725 2512 753 2555 et
771 2502 907 2555 Saturnus

108 2568 257 2636 uliqunndo
269 2585 361 2636 ⁴supro
381 2572 472 2624 iorem
494 2580 550 2633 oet,
570 2581 598 2624 et
615 2573 692 2624 Mnro
708 2572 842 2624 Venerem
860 2578 908 2623 out

109 2638 280 2690 Mercurium
289 2641 586 2708 recteiineudenpieit:
599 2642 624 2691 2
633 2657 683 2692 nec
694 2648 909 2710 tumenpropter

108 2707 181 2760 hune
191 2722 309 2769 currum,
320 2725 402 2776 quum
415 2712 488 2762 niter
499 2711 616 2762 ultorum
629 2711 711 2770 subit,
724 2710 853 2762 Cometes
864 2711 908 2761 iit:

109 2777 230 2842 alioquin
251 2778 331 2827 nnnin
353 2780 480 2830 omnihus
501 2781 596 2829 fieret:
623 2780 753 2830 omnibus
770 2783 841 2831 enim
859 2780 909 2830 nii·

101 2862 176 2910 pune
196 2846 299 2901 stellae
313 2847 341 2898 in
357 2847 453 2899 eodem
469 2849 549 2914 signo
561 2849 644 2899 rimu!
656 2856 729 2900 sunt.
767 2848 797 2900 Si
809 2849 907 2900 Come·

87 2919 148 2962 torn
160 2915 276 2970 feceret
286 2918 376 2973 steila
385 2919 486 2974 niellee
496 2918 853 2988 superveniens,mnnrentn
865 2934 907 2969 es-

70 2992 108 3029 ee
119 2981 288 3045 desineret.
329 2992 456 3051 Summo
468 2993 548 3050 onim
563 2989 705 3045 veientes
716 2989 918 3038 rrnxoeunonn
