1920 3300
251 110 437 164 ELIBRIS
460 110 662 168 SENECAE.
754 149 757 154 ·
810 116 859 170 195

54 232 208 286 remedium
222 237 274 283 ost.
310 231 414 294 Dades,
428 233 524 300 gemis,
537 235 668 287 miserum
679 239 708 288 te
722 233 861 298 clamitas,

56 303 128 370 quod
142 301 243 368 opibus
254 315 387 352 exeussus
399 303 446 352 est
463 302 525 353 Τιιο
537 305 607 354 vitio
621 307 676 356 ista
687 306 740 357 tibi
751 306 862 356 iactura

58 381 114 422 tam
128 372 222 422 tristis
234 376 288 421 est.
318 369 379 420 Non
391 376 446 421 tam
459 371 576 424 moleste
586 372 684 435 ferres,
694 375 719 425 si
731 380 861 439 tanquam

60 440 221 508 perditurus
242 438 397 490 habuisses.
433 438 547 490 Perdidi
568 446 721 506 pecuniam.
756 442 863 508 Nempe

56 526 152 579 qnam,
161 515 194 560 ut
204 514 236 559 tu
248 505 373 571 haberes,
385 507 457 559 alius
468 515 532 560 ante
544 509 714 577 perdiderat.

110 578 219 630 Oculos
240 576 360 642 perdidi.
396 578 491 628 Habet
508 583 537 628 et
552 594 608 629 nox
619 595 685 630 suas
697 579 862 643 voluptates.

59 648 166 699 Oculos
183 646 302 714 perdidi.
339 647 427 709 Quam
445 646 541 697 multis
556 648 757 715 cupiditatibus
767 648 812 698 ria
822 648 864 698 io-

59 718 119 768 cisa
130 715 192 768 eati
200 731 284 782 quarn
296 714 391 766 multis
403 715 485 766 rebus
496 717 686 785 carebis,quas
697 716 861 777 navidem,

57 787 104 838 rel
121 786 237 838 eruendi
253 783 351 837 erant!
373 784 435 836 Non
451 784 585 853 intelligis
603 795 709 852 partem
731 787 862 838 innoeen-

58 857 118 907 tiae
133 870 195 907 esse
211 855 384 906 caecitatem.
423 853 497 904 Huic
514 855 586 906 oculi
604 855 771 907 adulterium
786 869 862 905 mon·

57 932 164 986 strant,
185 921 252 974 huic
263 923 414 982 incestum,
435 919 501 973 huie
512 922 623 975 domum
637 939 718 991 quam
731 926 861 989 concupi·

57 1000 130 1056 scat,
144 993 209 1044 huic
218 992 326 1053 urbem,
338 998 367 1043 et
378 992 450 1043 maia
461 993 564 1045 omnia.
595 994 676 1046 Certe
686 994 863 1045 irritamenta

56 1070 125 1115 aoat
138 1062 271 1113 vitiorum
285 1060 425 1127 ducesque
435 1060 581 1113 scelerum.

110 1132 198 1184 Amisi
214 1131 331 1183 liberos.
367 1129 478 1181 Stultus
493 1145 537 1192 es,
561 1131 608 1198 qui
626 1130 729 1184 defleas
744 1136 861 1180 mortem

1 1192 2 1197 ¹
56 1202 232 1253 mortalium.
268 1197 342 1262 Quid
352 1197 427 1249 istud
440 1204 489 1250 aut
500 1214 611 1264 norum,
631 1209 679 1253 aut
692 1201 790 1252 mirum
804 1199 864 1250 esti

58 1273 150 1334 quiam
159 1268 400 1321 raraestsinaisto
408 1282 470 1320 casu
478 1267 594 1320 domus!
605 1271 677 1333 Quid
685 1271 708 1321 si
722 1270 861 1321 infelicem

58 1336 367 1402 eooesarborem‚quod
378 1343 471 1389 stante
482 1338 544 1403 ipsa
553 1338 656 1392 cadunt
667 1339 765 1406 poma!
777 1336 863 1391 Etbio

1 1409 2 1449 ἕ
59 1419 125 1460 tous
138 1401 247 1460 fruetus
259 1412 311 1459 est.
333 1405 421 1457 Nemo
433 1413 514 1458 extra
523 1409 609 1458 icturn
620 1409 742 1460 uulneris
754 1411 863 1474 positus

1 1528 2 1534 ,
59 1485 111 1530 est.
129 1478 278 1529 Ducuntur
289 1490 323 1525 ex
335 1475 446 1541 plebeia
455 1474 537 1528 domo
548 1475 862 1536 immaturatonermdu·

59 1553 162 1599 cuntur
173 1553 248 1600 etex
262 1546 349 1614 regia.
363 1544 425 1596 Non
438 1551 481 1596 est
491 1545 564 1598 idem
578 1547 647 1599 ordo
660 1547 771 1613 fotiani
782 1551 810 1595 et
820 1559 865 1595 ae·

61 1618 140 1668 tatia.
162 1616 225 1669 Non
237 1612 377 1681 quomodo
389 1614 506 1680 quisque
516 1615 603 1678 uenit,
615 1617 763 1668 emittitur.
788 1612 862 1676 Quid

61 1696 157 1738 tamen
173 1683 307 1752 estquod
323 1682 492 1750 indigneris?
521 1684 593 1747 Quid
609 1694 705 1736 contra
720 1688 864 1747 exspecto·

60 1757 167 1808 tionem
183 1762 260 1807 tuam
277 1751 388 1804 evenit!
415 1752 527 1804 Periere
538 1755 665 1818 perituri.
702 1751 756 1804 Sed
769 1764 820 1817 ego
832 1750 865 1800 il·

61 1827 105 1877 los
116 1824 287 1892 superstites
300 1820 441 1887 optabam.
468 1823 572 1874 Verum
586 1822 638 1873 boo
649 1836 730 1872 nemo
740 1821 790 1871 tibi
803 1834 864 1887 pro·

61 1896 186 1947 miserat.
222 1891 371 1944 Perierunt
382 1890 465 1942 liberi
478 1893 541 1942 mei.
571 1891 720 1943 Habebunt
731 1890 864 1941 illieuius

60 1969 155 2016 ment
166 1962 258 2031 magis
270 1974 350 2028 quarn
368 1960 423 2010 tui:
444 1959 517 2025 apud
534 1967 561 2011 te
578 1963 704 2027 precario
720 1959 864 2011 moraban-

60 2044 117 2086 tur.
154 2032 324 2084 Educendos
340 2029 391 2080 tibi
403 2027 515 2080 fortuna
527 2029 712 2081 mandaverat.
748 2029 863 2096 Recepit

62 2104 137 2165 iilos,
150 2117 205 2154 non
218 2099 347 2153 abstulit.

110 2172 299 2239 Naufragium
321 2167 383 2219 ieci.
421 2168 521 2236 Cogita
541 2182 594 2219 non
616 2168 682 2234 quid
700 2168 864 2236 perdideris,

60 2239 339 2308 sedquoderoseris.
370 2237 542 2289 Nudusexii.
575 2237 629 2289 Sed
642 2239 734 2290 eristi.
766 2237 866 2289 Omnia

61 2312 185 2378 perdidi.
222 2307 278 2361 Sed
290 2307 381 2374 perire
392 2308 509 2374 potuisti
521 2322 574 2356 uno
585 2322 645 2357 com
659 2308 796 2358 omnibus.

108 2383 140 2434 ln
153 2381 283 2432 latrones
294 2376 388 2428 incidi.
406 2374 458 2427 Sed
471 2376 543 2427 alios
554 2376 581 2426 in
595 2383 781 2433 accusatores,
794 2373 865 2423 eiius

64 2451 89 2501 ia
99 2449 192 2513 iures,
201 2449 276 2500 alius
288 2448 317 2498 in
328 2445 515 2496 fraudatores.
546 2443 632 2496 Plena
642 2453 685 2496 est
695 2443 803 2495 insidiis
813 2442 869 2492 ria.

65 2518 125 2572 Noli
140 2518 277 2587 conqueri
296 2514 368 2583 qnod
380 2515 526 2567 incideris:
545 2515 639 2586 gaude
651 2515 728 2589 quod
741 2513 883 2568 eraseris.

64 2586 196 2640 latmicos
211 2600 315 2652 graves
332 2584 428 2636 nabeo
466 2587 620 2650 Quomodo
644 2593 792 2648 advorsus
810 2586 898 2641 ieras

1 2661 2 2673 ¹
54 2657 218 2709 amicata
229 2652 377 2718 conquiris,
396 2662 543 2724 quomodo
557 2667 711 2724 adversus
724 2673 910 2737 serpentem

600 2742 667 2799 Ν2
