1920 3278
103 460 105 465 ’
148 479 195 530 rso
230 478 396 532 sonacsu
412 478 493 529 nnn.
507 477 562 536 ou.
586 477 655 529 orn.
670 478 727 530 vn.
748 476 879 530 consa

146 597 285 648 deliciunt.
321 598 480 649 Academici
498 605 527 649 et
544 603 653 648 veteres
664 606 691 648 et
703 599 824 648 minores
836 596 928 648 nulior

145 667 303 727 antistitem
324 667 508 733 reliquerunt.
545 665 613 724 Quis
632 672 675 716 ost
691 670 736 731 qui
752 666 846 717 tradat
869 681 928 732 prar

145 747 227 800 copta
239 735 409 802 Pyrrhonisl
430 735 619 802 Pythagorica
630 735 679 785 iila
691 736 826 785 insidioso
845 735 927 784 tur-ba

145 805 242 855 schola
253 815 461 872 praeceptorem
476 821 529 854 noo
543 804 656 854 invenit.
701 803 861 855 Sextiurutn
874 820 924 853 nor·

146 883 175 925 et
196 875 311 924 Romani
334 875 442 925 roboris
463 883 554 933 ser-ta,
574 872 647 921 inter
670 873 750 922 initia
771 888 837 934 sua,
859 887 928 937 quun

147 959 248 1009 niagno
262 947 365 1007 irnpetn
377 944 524 1008 coepisset,
536 943 673 992 exstincto
684 949 736 992 rat.
754 939 780 992 3.
792 946 826 994 At
838 950 928 1008 quant

145 1027 211 1062 cura
225 1013 378 1071 labrnatnr,
390 1028 423 1062 nc
435 1012 582 1061 cuiuslibet
594 1011 742 1074 parrtnorini
751 1026 849 1061 nonren
862 1012 928 1061 inter

146 1081 237 1130 cidotl
256 1081 318 1132 star
330 1094 380 1145 per
390 1096 567 1131 successores
579 1079 693 1145 Pyladis
703 1089 732 1130 et
748 1079 876 1147 Bathylli
893 1080 928 1129 do

145 1148 219 1198 musi
243 1147 339 1199 harum
356 1150 459 1199 artioni
477 1149 559 1199 nrulti
570 1146 699 1212 discipuli
711 1156 790 1210 sunt,
809 1149 926 1214 nrultiqu

145 1218 284 1269 doctores.
321 1218 455 1269 l'riratirn
471 1222 540 1270 urbe
556 1226 616 1269 tota
631 1227 714 1268 sonat
730 1218 875 1284 pulpitum.
911 1217 928 1267 tr

145 1284 198 1337 hoc
209 1288 272 1348 riri,
282 1291 308 1337 in
320 1286 372 1338 hoc
384 1286 505 1339 feminae
516 1286 680 1353 tripudiant.
717 1286 812 1338 Mares
823 1289 928 1343 interro

145 1371 302 1422 uxoresque
312 1357 496 1418 contendunt,
513 1365 575 1407 uter
586 1354 633 1405 det
645 1356 718 1406 latus
728 1356 795 1407 illis.
831 1355 928 1408 Deind

145 1427 196 1474 suli
209 1441 328 1491 porsooa
343 1441 426 1492 quum
443 1427 490 1477 diu
507 1429 572 1477 trito
588 1424 665 1475 frons
679 1434 734 1484 est,
756 1430 893 1477 transitur
908 1442 928 1475 a<

146 1511 273 1560 ganeam.
309 1494 505 1561 Philosophiae
526 1495 602 1546 nulla
625 1509 691 1545 cnro
712 1500 763 1544 est.
798 1495 826 1546 4.
847 1495 928 1561 ltuqu

148 1564 218 1613 odeo
236 1563 305 1614 nihil
322 1566 463 1615 invenitur
478 1580 510 1616 ex
528 1563 570 1614 his
586 1577 657 1629 quae
669 1579 764 1630 parunt
775 1565 926 1632 investigat

148 1633 257 1697 antiqui
276 1634 459 1698 reliquerunt.
483 1642 513 1685 ut
533 1633 624 1684 muita
640 1648 712 1698 qnae
728 1634 840 1683 inventa
856 1643 928 1685 erunt

147 1700 341 1750 obliterantur.
377 1705 411 1753 nt
427 1703 597 1755 rnehrrculrs
611 1701 635 1749 sl
655 1702 707 1752 lroc
723 1704 792 1752 totis
814 1705 928 1753 membri

148 1783 348 1834 premeremus,
370 1770 394 1820 sl
411 1775 438 1822 in
450 1772 504 1823 hnc
519 1775 645 1822 irnentns
658 1772 751 1822 sobria
763 1774 928 1824 incumberet

147 1836 201 1889 hoc
212 1839 333 1891 orslores
345 1838 485 1901 docerent,
497 1845 549 1893 hoc
561 1845 680 1892 minores
691 1840 878 1903 addiscerent,
899 1843 924 1892 ri

145 1908 181 1958 ad
196 1907 307 1959 lundurn
319 1913 469 1963 veniretur:
481 1911 507 1961 io
515 1926 569 1977 quo
582 1912 685 1962 veritas
693 1910 786 1976 posita
797 1917 851 1974 est,
862 1927 928 1979 quar

145 1992 220 2027 nunc
231 1979 259 2028 in
270 1993 379 2030 soarsna
390 1988 466 2032 terra
477 1989 505 2032 rt
517 1979 569 2031 leri
582 1996 661 2032 uranu
673 1983 841 2046 quaerimus.
