1912 3338
60 462 113 513 are
188 464 191 469 ·
246 456 280 509 o.
308 454 464 508 runem
496 428 688 504 sunnone

59 567 129 617 1210
140 563 274 614 Rediante
286 560 389 610 clerum
402 556 492 607 lronte
504 562 658 624 gestantem
670 556 769 624 capuli

139 633 192 682 llis
203 631 292 682 fracta
303 629 385 693 Calpe
397 628 521 678 manibus
533 628 623 677 emisit
633 626 749 678 iretuml

138 701 189 751 His
199 706 243 750 tot
254 698 342 758 ferae,
354 702 396 747 tot
406 696 525 757 scelera,
535 702 579 746 tot
588 711 668 763 reges
678 697 786 748 iacenti

142 770 193 820 llio
203 769 319 819 mundns
331 766 449 816 humeris
460 764 547 816 sediti
568 764 637 816 haec
648 766 736 818 moles
746 767 869 821 nreaertl

142 838 255 890 Haecne
265 838 312 888 illa
322 833 430 886 cervix!
451 834 501 885 has
512 850 564 903 ego
576 837 694 901 opposui
704 852 796 888 moras

61 910 131 962 1215
144 908 227 959 Coelo
240 904 345 958 meno!
365 906 424 989 quis
436 919 496 954 mea
508 911 602 956 custos
613 919 696 955 manu

145 975 284 1028 'l'rahetur
294 976 364 1027 ultra
374 973 503 1040 Stygius?
523 973 571 1024 ubi
580 975 652 1025 vires
664 976 739 1040 priua

144 1047 174 1096 ln
187 1061 230 1096 me
240 1045 376 1112 sepultae!
398 1043 467 1103 Quid
481 1050 587 1108 patrem
599 1044 707 1111 adpelle
719 1046 826 1097 loreml

148 1115 218 1176 Quid
229 1130 279 1180 per
288 1116 441 1165 Tonantem
455 1113 562 1162 rindico
574 1114 681 1165 coelum
692 1114 789 1167 miseri

145 1185 257 1234 lamiam
268 1199 344 1235 meus
358 1183 485 1233 credetur
496 1181 677 1249 Amphitryon
690 1192 778 1249 pater.

64 1256 133 1307 1250
148 1253 332 1320 Quaecunque
344 1254 428 1317 pestis
439 1253 543 1303 viscere
552 1253 579 1302 in
592 1259 687 1303 nostro
699 1253 778 1315 lateo,

145 1322 282 1372 Procede:
295 1322 358 1389 quid
371 1336 413 1371 me
425 1321 534 1372 vulnere
546 1322 654 1373 occulto
667 1323 753 1388 petis?

147 1393 212 1452 Quis
224 1397 251 1442 te
262 1392 312 1442 sub
324 1405 375 1442 axe
387 1390 486 1457 frigido
498 1397 597 1456 pontus
611 1390 739 1456 Scythes,

146 1463 224 1522 Quae
236 1462 313 1527 pigra
325 1458 432 1526 Tethys
443 1463 545 1527 genuit,
558 1467 605 1510 aut
617 1462 871 1530 Maurumprenrem

147 1530 228 1582 lbera
239 1530 322 1595 Calpe
333 1529 425 1581 littusl
447 1530 469 1580 0
482 1530 569 1580 dirum
580 1531 691 1593 malum,

66 1601 134 1654 1255
147 1599 278 1650 Utrumne
289 1616 401 1665 serpeus
413 1600 565 1666 squalidum
578 1601 661 1650 crista
671 1610 756 1668 caput

146 1669 276 1729 vibrans,
288 1685 321 1718 an
334 1668 443 1735 aliquod
455 1685 484 1719 es
496 1667 559 1719 mihi
571 1670 695 1736 ignotum
706 1671 821 1722 malum!

146 1736 281 1804 Numquid
294 1753 391 1789 cruore
403 1754 432 1789 es
442 1741 536 1804 genita
542 1739 684 1790 Lernaeae
695 1739 780 1802 ferae,

147 1808 186 1855 An
197 1813 225 1857 te
237 1807 344 1873 reliquit
356 1806 470 1875 Stygius
481 1809 507 1857 in
520 1809 600 1858 terris
613 1807 706 1860 canisi

147 1876 233 1928 Omne
245 1892 274 1927 ea
285 1877 383 1927 malum
396 1877 560 1944 nullumque.
581 1878 647 1939 Quis
660 1878 751 1929 vultus
763 1877 871 1930 tibiestt

68 1949 136 2002 1260
148 1947 274 1999 Concede
285 1946 381 1999 saltem
392 1949 477 2007 scire,
489 1963 541 2014 quo
554 1963 663 2012 peream
675 1949 756 1998 malo.

149 2016 333 2084 Quaecunque
345 2019 442 2083 pestis,
454 2018 510 2067 sire
522 2032 700 2084 quaecunque
712 2034 741 2069 es
752 2017 821 2068 iera:

148 2086 242 2137 Palam
254 2088 371 2138 timeres.
391 2089 458 2148 Quis
469 2086 517 2135 tibi
528 2089 554 2136 in
567 2087 671 2137 medias
681 2088 771 2138 locum

149 2155 226 2206 Fecit
237 2156 384 2206 nredullasl
408 2158 494 2215 Ecce,
507 2156 622 2221 derepta
634 2165 697 2208 cute

149 2224 263 2275 Viscera
275 2242 370 2276 manus
382 2227 500 2284 detexit;
513 2226 629 2275 ulterior
641 2232 732 2278 tamen

69 2297 136 2347 1265
149 2295 263 2345 lnventa
273 2296 379 2346 latebra
390 2302 440 2346 est.
469 2296 491 2346 0
503 2295 602 2345 malum
613 2297 701 2348 simile
713 2297 834 2347 Herculi!

148 2364 225 2416 Unde
237 2367 289 2416 iste
300 2365 395 2417 iletusl
416 2365 487 2416 unde
499 2365 524 2413 in
537 2362 585 2414 has
596 2365 724 2416 lacrimae
737 2364 839 2433 genae?

149 2434 268 2484 lnvictus
280 2435 343 2486 olim
354 2436 444 2485 vultus
455 2442 483 2485 et
493 2450 630 2501 nunquam
639 2437 716 2486 malis

148 2501 290 2554 Lacrimas
302 2506 358 2555 suia
370 2505 501 2570 praebere
512 2511 659 2555 consuetus
671 2504 792 2570 (pudetl)

148 2572 205 2621 lam
217 2570 282 2624 llere
295 2574 397 2624 didicit
429 2572 666 2635 Quisdieelletum
681 2575 817 2634 Herculis,
852 2596 854 2599 ·

69 2642 137 2691 12ἵο
151 2645 227 2704 Quae
238 2648 313 2693 terre
322 2643 406 2694 viditl
428 2642 523 2694 Siccus
534 2659 677 2695 aerumnae
689 2645 746 2694 tuli.

151 2712 213 2761 Tibi
224 2712 270 2762 illa
281 2714 379 2771 rirtus.
393 2728 462 2779 quae
475 2720 517 2764 tut
527 2713 598 2764 elisit
609 2714 689 2775 mala,

150 2781 212 2830 Tibi
225 2783 307 2831 cessit
319 2782 376 2832 uni!
398 2785 485 2848 primo
496 2789 524 2834 et
535 2789 597 2835 ante
609 2799 703 2834 omnes
714 2781 778 2834 mihi

151 2850 257 2903 Fletum
269 2851 417 2903 abstulisti!
438 2853 531 2902 durior
542 2866 609 2904 saxo
621 2851 732 2902 horrido

151 2927 187 2981 llt
201 2923 324 2998 chalybe
336 2919 741 2996 0001011000ξοὶοξοοᾖἏοοὶ
774 2986 781 2994 q

58 2999 136 3057 1275
150 3004 255 3059 llictus
270 3016 354 3056 nieoa
364 2984 818 3063 inlreq'ulllhss‘lffim‘hffl*

9 3205 69 3270 ι
