1920 3300
91 515 142 568 206
291 514 475 569 auratus
496 513 686 568 SENECAE

93 636 196 688 oblitio
207 639 291 696 estet
302 636 426 687 insaniae
438 637 591 702 proximus,
601 635 711 688 foedum
724 632 889 699 minimeque

92 706 265 757 conveniens
275 705 368 756 animo
384 707 484 770 sospiti
500 708 609 757 vitium.
645 703 752 755 'l'urbat
765 704 891 760 consilia,

90 772 165 823 altos
177 779 205 824 et
215 787 367 840 generosos
379 777 495 840 spiritus
507 773 619 841 frangit,
636 789 652 824 a
664 774 770 838 magnis
782 772 889 839 eogita-

91 842 216 895 tionibus
232 842 267 893 ad
281 840 449 895 humillimas
464 843 601 895 detrahit:
624 845 764 909 querulos,
785 843 890 892 iracun-

91 910 151 974 dos,
161 912 336 974 temerarios,
347 913 416 964 dure
428 913 603 978 imperiosos,
613 912 756 963 serviliter
764 908 890 969 blandos,

90 981 218 1033 omnibus
231 979 352 1043 inutiles,
365 982 417 1046 ipsi
428 982 579 1032 novissime
590 981 686 1042 amori,
706 980 781 1030 iacit.
818 978 888 1030 Nam

90 1064 174 1116 quum
196 1049 310 1102 fruendi
329 1051 482 1115 cupiditate
503 1051 657 1101 insatiabili
676 1048 790 1116 ilagint,
810 1048 890 1114 plura

90 1125 218 1185 tempora
239 1118 457 1184 suspicionibus,
486 1120 622 1180 lacrimis,
644 1116 888 1184 conquestionibus

90 1188 189 1255 perdit,
197 1187 291 1239 odium
298 1186 528 1254 suliacit,etipsc
539 1188 686 1241 novissime
696 1187 751 1238 sibi
764 1184 887 1238 odioest.

394 1272 484 1326 Panlo
500 1273 586 1345 infra.

141 1340 235 1395 Refert
248 1349 394 1408 praeterea
406 1340 521 1405 Seneca,
535 1340 698 1409 cognovisse
709 1357 739 1394 se
750 1339 886 1406 quendam

91 1420 219 1462 ornatum
232 1410 383 1474 bominem,
395 1413 442 1476 qul
454 1413 580 1463 exiturus
591 1412 619 1461 in
631 1412 786 1476 publicum,
798 1410 888 1461 lasela

92 1483 189 1531 uxoris
202 1489 297 1546 pectus
308 1481 469 1548 colligabat,
481 1488 509 1532 et
519 1495 552 1531 ne
565 1489 665 1547 puncto
678 1481 790 1548 quidem
802 1479 887 1530 borae

92 1553 250 1614 praesentia
260 1551 319 1602 eius
330 1566 424 1602 carere
436 1558 559 1616 poterat,
571 1549 887 1617 potionemquenullam,

92 1618 146 1668 nisi
157 1620 272 1670 alterius
285 1628 386 1671 tactam
405 1620 503 1681 labris,
524 1620 567 1670 vir
581 1626 609 1670 et
626 1633 695 1670 uxor
711 1618 887 1670 hauriebant:

91 1687 148 1737 alia
163 1689 293 1752 deinceps
309 1704 363 1738 non
380 1691 470 1741 sitinus
490 1690 583 1755 inepta
604 1687 749 1751 facientes,
767 1690 795 1740 in
818 1702 888 1755 quac

90 1756 246 1822 improvida
256 1757 297 1807 vis
310 1757 432 1810 ardentis
443 1757 558 1810 affectus
570 1757 739 1823 erumpebat.

436 1842 470 1896 In
500 1860 540 1894 ns.

142 1909 211 1961 Nam
223 1911 346 1976 quid,ait
356 1842 509 1973 Senecasdie
522 1911 588 1962 viris
599 1912 765 1978 pauperibus
778 1909 888 1964 dicant

90 1993 205 2044 quornm
218 1981 244 2030 in
257 1997 355 2032 nomen
373 1982 481 2041 mariti,
503 1980 538 2031 ad
555 1982 706 2032 eludendas
722 1982 799 2048 leges
815 1995 886 2047 quae

90 2055 185 2099 contro
196 2050 317 2102 coelibes
328 2057 403 2110 seint,
415 2064 480 2114 pars
491 2065 590 2116 magna
602 2050 773 2101 conducitur.
811 2052 885 2112 Quo·

89 2119 171 2169 modo
183 2125 275 2183 potest
287 2134 382 2184 regere
395 2133 493 2178 mores,
505 2127 533 2170 et
545 2120 703 2185 praecipere
716 2121 886 2179 castitatem,

88 2191 116 2237 et
128 2188 220 2238 mariti
231 2191 427 2240 auctoritatem
440 2188 521 2249 tueri,
532 2190 577 2238 cui
588 2189 698 2254 nupsitl
890 2190 893 2195 ’

134 2271 169 2323 B.
182 2273 357 2341 Augustinus,
367 2274 398 2323 de
410 2273 523 2325 civitate
534 2271 597 2336 Dei,
608 2274 653 2326 lib.
669 2272 715 2337 t't,
726 2290 785 2341 esp.
799 2273 837 2328 X.

138 2355 266 2409 Libertas
277 2374 343 2410 sane
355 2374 425 2424 quae
436 2358 500 2411 huic
511 2360 610 2423 defuit,
617 2375 651 2411 ne
662 2359 744 2411 istam
752 2362 884 2414 urbanam

87 2424 424 2492 theologiam,theatricae
435 2429 796 2496 simillimam,apertesicnt
807 2431 883 2482 illam

87 2493 290 2560 reprehendere
302 2496 425 2558 auderet,
445 2500 556 2550 Annaeo
568 2501 703 2561 Senecae,
724 2514 805 2565 quem
818 2517 884 2552 non·
945 2514 947 2520 ·

87 2564 171 2614 nullis
192 2563 302 2614 indiciis
323 2565 478 2618 invenimus
499 2569 697 2634 Apostolorum
724 2576 882 2621 nostrorum

87 2633 221 2685 claruisse
232 2636 412 2700 temporibus,
424 2653 477 2687 non
489 2637 599 2704 quidem
612 2653 646 2689 ex
658 2644 730 2700 toto,
742 2652 837 2689 verum
850 2655 883 2691 ex

86 2701 181 2771 aliqua
193 2711 273 2770 parte
285 2720 337 2755 non
352 2704 449 2756 deluit.
486 2706 572 2757 affuit
587 2711 658 2758 enim
676 2707 821 2770 scribenti,
843 2709 881 2759 ri·

88 2775 162 2824 venti
186 2772 283 2825 deluit.
319 2773 388 2824 Nam
405 2776 431 2824 in
449 2789 482 2826 eo
500 2775 571 2827 libro
584 2791 662 2841 quem
677 2785 776 2827 eontra
787 2792 881 2844 super·

85 2842 216 2895 stitiones
229 2842 367 2902 corrdidit,
389 2843 477 2893 multo
494 2845 635 2909 copiosius
651 2860 684 2895 ac
695 2845 882 2898 vehementius

69 2911 260 2986 reprehendit
275 2914 336 2983 ipse
352 2912 462 2965 civilem
479 2913 561 2964 istam
580 2922 608 2966 et
623 2915 756 2965 urbanam
771 2916 884 2967 theolo-

50 2986 149 3040 s‘wm,
188 3000 277 3053 quam
305 2983 398 3040 Varro
425 2984 599 3040 theatricam
621 2990 705 3052 atoue
722 2983 884 3035 tabulatam.

39 3039 140 3098 ‘lflvm
153 3057 237 3110 enirn
253 3059 291 3116 de
302 3060 479 3117 simulacris
489 3066 610 3130 ageret:
620 3054 901 3120 animamillam·
