1876 3300
8 494 9 499 ,
96 454 128 501 14
293 447 326 499 L.
345 444 500 497 ANNAE!
520 443 712 498 SENECAE

154 553 320 621 Reditusque
330 551 420 603 ientos
431 565 482 602 nee
492 552 546 601 mei
556 565 692 603 memores
702 549 813 621 quereri

155 623 231 684 Tibi,
243 639 259 673 o
271 624 385 674 deorum
395 621 507 684 dumor,
517 620 643 671 indomiti
653 620 743 674 forent

93 695 144 746 300
157 695 278 745 Centena
288 693 362 743 tauri
373 690 456 756 colia;
469 690 532 753 trini,
543 689 652 758 frugum
663 699 774 758 potens,
854 719 855 722 ¹

78 784 81 790 ·
155 762 270 815 Secreta
280 761 394 814 reddam
404 776 497 824 saora3
508 759 558 810 tibi
568 766 646 811 muta
657 761 711 813 tide

155 833 268 900 Longus
280 833 391 883 Eleusin
402 832 488 883 tacite
496 829 612 880 iactabit
622 827 700 881 faces
775 864 778 870 ·

153 904 225 954 Tum
236 904 378 954 restitutas
389 899 520 952 fratribus
531 900 613 950 robor
622 901 690 951 meis

152 974 275 1034 Animas,
287 978 315 1023 et
325 972 413 1037 ipsum
424 986 510 1039 regna
520 968 708 1022 moderantem
719 987 769 1023 sua

92 1043 142 1093 305
154 1043 266 1094 Florere
276 1047 392 1108 putrem.
429 1038 458 1091 Si
469 1055 523 1108 qun
533 1045 562 1090 to
573 1039 661 1090 maior
671 1046 747 1092 tanet

153 1112 279 1163 Clausum
290 1116 428 1178 potestass
439 1112 585 1178 sequimur.
622 1111 675 1160 Aut
686 1125 780 1163 omnes
789 1117 834 1162 tuo

151 1180 277 1233 Defende
288 1180 376 1232 reditu
387 1195 497 1248 sospes,
509 1185 556 1230 aut
567 1194 662 1230 omnes
671 1179 765 1232 trahe!
776 1208 807 1219 -

151 1249 272 1314 Trabes,
283 1266 334 1301 nec
345 1249 415 1301 ullus
422 1251 510 1318 eriget
519 1247 623 1301 fractos
634 1248 711 1300 deus.

74 1341 78 1343 ·
150 1335 251 1372 nuru.
288 1321 312 1372 0
331 1321 408 1372 socia
418 1321 503 1371 nostri
515 1319 667 1386 sanguinis,
679 1326 757 1372 nasta
768 1321 821 1373 tide

90 1392 141 1443 310
153 1389 270 1443 Servuns
280 1398 371 1442 torum
382 1396 516 1458 natosque
528 1390 691 1456 magnanimi
703 1390 840 1453 Herculis,

150 1460 266 1513 Meliora
276 1467 367 1513 niente
378 1462 505 1527 concipe,
518 1466 599 1527 atque
612 1460 730 1511 animum
743 1460 842 1513 excitu!

150 1531 243 1582 Aderit
255 1529 395 1598 profecto,
407 1531 493 1599 qualis
505 1545 538 1581 ex
550 1529 622 1579 omni
634 1528 705 1581 soiet

148 1599 273 1662 Labore,
284 1602 378 1652 nnmor.
406 1614 449 1651 rsa
457 1615 483 1651 u.
504 1598 583 1661 Quod
595 1599 672 1650 nimis
683 1602 777 1653 miseri
787 1602 882 1658 volunt,

149 1670 213 1721 iioo
233 1667 314 1722 facile
336 1671 458 1723 credunt.
501 1683 588 1721 nuru.
608 1669 666 1720 imo
682 1672 755 1738 quod
772 1675 882 1724 metuunt

592 1754 685 1801 nimis,
872 1751 875 1757 ·

88 1808 140 1861 315
150 1807 295 1878 Nunquam
304 1811 408 1862 moveri
419 1824 501 1878 posse
512 1825 563 1860 nec
573 1809 631 1860 toiii
642 1815 753 1876 putant:

148 1879 241 1932 Prona
251 1886 294 1932 est
303 1881 395 1932 timori
405 1894 514 1947 semper
523 1880 551 1929 in
562 1880 640 1946 peius
650 1879 728 1932 fides,

147 1963 226 2002 uso.
262 1950 412 2003 Demersus
422 1965 456 2002 ao
466 1948 592 2002 defossus
602 1956 631 2001 et
640 1954 702 2001 toto
712 1951 825 2019 iusuper

148 2021 302 2088 Oppressus
317 2021 399 2083 orbe,
419 2035 499 2088 quesn
515 2020 586 2070 riam
606 2018 641 2069 ad
656 2017 780 2087 Superos
795 2016 883 2073 habe!

147 2104 249 2142 suris.
278 2089 364 2152 Quem
383 2097 450 2143 uiuo
463 2087 603 2209 habebat,¹
619 2104 680 2140 eum
699 2105 750 2158 por
772 2100 884 2145 arentem

576 2174 684 2227 Pagflm

87 2231 138 2282 3²⁰
150 2231 188 2283 Et
199 2230 362 2284 insonantes
373 2242 449 2281 more
460 2228 563 2280 turbati
572 2230 655 2280 meris

145 2301 221 2353 Abiit
231 2315 342 2363 arenas,
352 2300 448 2368 bisque
459 2298 602 2351 discedens
612 2296 715 2350 fretum

67 2371 70 2377 '
147 2371 184 2422 Et
193 2371 235 2421 bis
247 2386 403 2434 recurrsus3
418 2382 534 2437 eumque
545 2367 655 2421 deserta
664 2374 725 2420 rate

145 2439 304 2506 Deprensus
314 2437 404 2492 haesit
414 2440 529 2506 syrtium
541 2438 667 2490 brevibus
677 2439 771 2505 radis,

145 2509 182 2561 Et
192 2524 283 2577 puppe
294 2509 350 2561 fixa
359 2510 446 2561 marin
457 2510 596 2576 superavit
606 2508 699 2575 pedes.

85 2579 135 2629 325
147 2593 224 2630 isso.
244 2580 339 2648 iniqua
349 2595 412 2631 raro
423 2580 547 2630 maximis
560 2577 706 2630 virtutibus

145 2649 268 2701 Fortuna
278 2652 374 2717 parcit.
411 2648 498 2701 Nemo
510 2665 539 2699 se
551 2655 612 2699 tuto
623 2647 670 2699 diu

145 2718 277 2772 Pes-inuiis
289 2719 389 2772 offerre
399 2727 456 2771 tam
467 2718 569 2770 crebris
580 2724 681 2786 potest.

33 2816 36 2819 ·
146 2790 232 2854 Quem
244 2804 327 2857 saepe
337 2789 436 2841 transit
446 2804 539 2853 nasus,
551 2788 697 2858 aliquando
706 2789 812 2843 invenit

196 2860 254 2920 Sed
264 2858 346 2917 ecoe!
357 2873 454 2917 saeuus
465 2860 593 2910 nominas
604 2857 680 2911 vultu
691 2875 790 2929 gerens
865 2899 868 2907 .

66 2937 122 2994 330
132 2941 175 2997 Et
186 2939 279 3017 qualis
291 2937 387 2993 animo
399 2929 742 3012 est‚taiisiueessunemt,

127 3019 236 3074 siena
248 3017 357 3075 dextra
367 3014 488 3083 sceptra
498 2997 772 3062 nnneutxenahpeus.
