1920 3300
79 570 102 598 2
165 585 167 588 Α
227 511 659 595 ἬιιιιιιιεεΕΝΕυΛιῑ.
806 544 880 598 10⁷¹

52 657 264 725 patrimonium,
277 657 323 707 eui
333 657 388 707 iam
401 660 460 723 ipsa
474 659 606 710 nobilitas
617 660 708 712 cessit.
738 660 796 712 Ista
808 661 856 710 «ltu

53 743 110 778 cum
121 727 215 778 forma
226 739 280 775 non
293 727 492 792 repugnabunt.
514 727 635 779 Facilius
647 745 726 798 reges
736 730 858 781 animum
892 767 893 772 η

53 796 127 846 nulla
137 795 266 847 vanitate
277 801 438 846 tumentem.
471 794 532 846 Non
544 797 660 849 multum
673 801 753 850 abest
764 814 781 850 o
793 813 857 850 eon·

54 873 139 918 teneto
156 866 226 925 riri,
248 878 318 930 quoe
329 879 360 914 se
371 865 453 915 nimis
463 865 588 931 suspicit.
624 866 686 918 Duo
697 866 766 919 bene
778 867 858 918 inrti·
897 871 904 929 j

53 941 149 996 tutem,
162 948 213 985 nec
225 934 358 984 maternis
368 933 539 1000 inquinatam
551 933 639 985 vitiis:
655 949 709 985 non
722 937 799 986 cuius
810 949 857 984 au·
900 936 902 942 “

52 1004 147 1054 riculis
165 1002 306 1067 utrimque
321 1003 385 1054 bina
402 1001 570 1067 patrimonia
592 1003 779 1069 dependeant:
801 1018 855 1056 non

52 1088 132 1139 quam
154 1075 325 1138 margaritae
344 1070 492 1132 suffocent,
514 1073 558 1122 cui
579 1074 670 1123 minus
691 1073 728 1124 ait
745 1074 773 1123 in
789 1072 856 1123 dote
909 1107 914 1110 -

52 1157 133 1206 quarn
150 1142 178 1191 in
196 1148 285 1191 restet
308 1154 388 1205 quam
405 1141 434 1190 in
451 1146 564 1204 patente
581 1143 652 1193 aella
663 1142 854 1193 circumlatam
914 1166 916 1168 ·

52 1225 100 1275 per
116 1211 213 1260 urbem
232 1207 350 1274 populus
366 1208 401 1259 ab
417 1207 491 1257 omni
507 1217 586 1274 purte
598 1225 686 1278 aeque
697 1218 728 1262 ut
739 1213 856 1261 maritus
917 1234 926 1269 ,ι

52 1279 220 1344 inspexerit:
233 1276 310 1327 cuius
322 1276 439 1327 sarcinis
451 1276 549 1327 donnus
560 1281 597 1330 sit
609 1286 736 1346 angusta.
773 1280 854 1328 Hane

51 1347 136 1399 facile
147 1347 183 1396 ad
197 1355 259 1397 tuos
271 1360 361 1397 mores
373 1345 498 1412 rediges,
517 1362 602 1414 vquom
621 1346 743 1398 nondum
760 1361 853 1398 corru·

53 1425 151 1482 perant
163 1415 278 1481 publici.
316 1413 434 1464 Uxorem
447 1415 547 1465 bonam
559 1417 650 1467 onriai.
685 1416 747 1469 Non
760 1417 855 1466 erube·

53 1487 108 1537 scis
131 1484 210 1546 llere,
233 1492 260 1535 et
275 1483 480 1535 intolerabilem
497 1499 599 1536 vocare
616 1484 773 1536 iacturaml
792 1485 855 1536 Hoc

7 1603 9 1632 Ι
55 1570 136 1605 unum
149 1554 241 1607 deest:
257 1561 349 1604 utrum
363 1552 679 1620 illamlugeanannon.
718 1555 852 1604 Cumma-

7 1637 11 1677 l
55 1625 138 1675 ritum
151 1633 179 1676 te
191 1622 371 1690 cogitaveris,
382 1621 512 1688 cogitaet
523 1624 621 1674 cirum.
643 1623 727 1675 Amisi
739 1637 854 1675 uxorem

56 1695 163 1745 bonurn.
200 1692 288 1744 Soror
298 1692 371 1743 bona
384 1705 437 1741 non
450 1699 543 1757 potest
555 1694 722 1759 recuperari,
738 1709 788 1744 nee
800 1707 855 1743 mo·

56 1771 104 1816 ter.
126 1766 201 1815 llxor
214 1760 398 1813 adventitium
411 1761 512 1811 bonurn
526 1768 580 1812 cst:
593 1778 647 1813 non
659 1769 701 1813 eat
711 1763 786 1814 inter
796 1762 855 1823 illa,

22 1890 24 1902 ι
57 1849 123 1898 quae
145 1832 232 1883 semel
254 1831 404 1896 unicuique
425 1830 594 1898 contingunt.
631 1833 717 1883 Amisi
738 1846 853 1883 uxorem

23 1904 36 1979 'p
56 1901 162 1953 bonam.
200 1901 308 1951 Multos
323 1899 371 1949 tibi
382 1912 530 1955 numerare
546 1913 671 1967 possum,
693 1903 791 1968 quibus
806 1898 855 1948 bo·

56 1985 112 2023 nam
125 1985 237 2022 uxorem
252 1969 415 2035 lugentibus
427 1969 560 2020 successit
572 1970 679 2023 melior.

103 2041 187 2101 Mors,
201 2039 345 2099 exsilium,
355 2038 455 2099 luctus,
468 2038 557 2100 dolor,
570 2053 624 2089 non
634 2045 698 2090 sunt
708 2037 854 2103 supplicio,

54 2108 97 2160 sed
114 2110 219 2161 tributu
233 2105 356 2158 risendi.
391 2105 536 2159 Neminem
552 2107 679 2159 illaesum
696 2105 855 2157 iatatruns·

79 2181 169 2233 ittuat.
205 2177 294 2231 Felix
312 2183 368 2241 est,
388 2190 441 2227 non
458 2177 504 2242 qui
521 2176 586 2228 eliis
601 2177 723 2239 ridetur,
744 2173 793 2228 sed
806 2175 854 2241 qui

75 2248 108 2301 bi.
