1876 3300
131 461 168 512 'ts
310 461 344 511 L.
374 459 531 512 ΑΝΝΑΕΙ
560 458 753 513 SENECAE

191 564 253 615 Alta
264 579 312 631 per
324 563 433 627 hostes,
444 571 473 618 et
483 563 669 615 Thessalicum

192 632 314 685 Thressa
324 636 455 702 premitur
466 634 558 686 Pelion
571 633 657 685 Ossa!

193 701 296 755 solitae
307 703 399 754 mundi
409 706 515 772 periere
525 706 612 754 vices:

194 771 266 825 Nihil
277 773 412 836 Occasus,
423 772 489 824 nihil
501 775 583 824 Ortus
594 774 654 824 erit.

134 843 185 894 815
198 841 310 911 Stupet,
322 843 398 895 Eoos
409 843 522 894 adsueta
533 843 585 893 deo

194 913 316 965 Tradere
328 912 433 975 frenos,
443 913 560 981 genitrix
571 912 675 979 primae

193 982 313 1035 Roscida
321 982 402 1043 lucis,
413 996 542 1048 perversa
552 983 592 1032 sui

193 1053 302 1103 Limina
312 1051 401 1119 regni3
412 1052 500 1102 nescit
509 1051 596 1102 fessos

194 1121 314 1189 Tingere
325 1133 436 1183 currus,
447 1136 499 1173 nec
509 1119 644 1171 fumantes

132 1193 183 1242 82⁰
195 1189 301 1242 Sudore
312 1191 389 1242 iubas
399 1205 523 1258 mergere
535 1196 628 1257 ponto.

194 1260 206 1312 1
226 1276 256 1312 se
266 1261 374 1312 insueto
384 1274 471 1311 novus
483 1258 601 1328 hospitio

216 1329 243 1382 ol
255 1344 382 1382 auroram
393 1330 468 1382 videt
480 1330 622 1390 occiduus,

193 1398 388 1468 Tenebrasque
399 1399 475 1452 iubet
484 1414 596 1467 surgere
607 1399 726 1450 nondum

193 1469 282 1523 Nocte
295 1476 400 1537 parata
436 1468 497 1521 Non
508 1469 658 1522 succedunt

130 1539 180 1590 825
192 1542 286 1602 Astra,
299 1556 348 1592 nec
359 1539 414 1590 ullo
425 1540 508 1590 micat
517 1540 579 1623 ique
591 1539 682 1606 polus,

192 1609 250 1661 Nec
258 1609 339 1659 Luna
348 1624 445 1677 graves
457 1609 555 1677 digent
563 1606 682 1660 umbras.

193 1677 246 1730 Sed
258 1677 386 1746 quidquid
396 1678 424 1729 id
435 1686 491 1742 est,
502 1680 605 1729 utinam
615 1692 669 1728 nox
680 1675 728 1727 sit!

192 1748 357 1815 Trepidant,
368 1748 508 1815 trepident
518 1754 632 1816 pectora
643 1761 742 1815 magno

191 1816 326 1870 Percussa
337 1823 425 1880 metu,
436 1834 470 1870 ne
481 1816 558 1869 fatuit

130 1887 180 1937 83⁰
193 1888 298 1938 Cuncta
308 1889 387 1939 ruina
397 1895 526 1956 quassata
536 1888 641 1949 labent,

190 1957 345 2026 iterumque
357 1958 422 2010 deos
432 1956 607 2026 hominesque
620 1964 725 2025 premat

191 2026 323 2080 Deforme
335 2025 433 2092 cbaos,

192 2099 296 2150 iterum
307 2104 395 2150 terras
405 2105 433 2151 et
443 2112 518 2149 mare
530 2103 558 2150 et
567 2098 644 2166 ignes

197 2169 235 2220 Et
244 2182 315 2236 vaga
326 2169 391 2237 picti
403 2167 495 2220 sidera
505 2168 597 2220 mundi

128 2234 179 2286 835
190 2236 297 2290 Natura
306 2242 390 2307 tegat.

190 2305 252 2358 Non
263 2313 391 2359 aeternae
401 2307 469 2359 sacis
481 2313 579 2359 oxortu

191 2376 255 2427 Dux
266 2383 402 2428 astrorum
413 2377 507 2428 secula
515 2377 616 2430 ducens

190 2445 275 2496 Dabit
285 2448 397 2496 aestatis
408 2445 576 2513 brumaeque
586 2453 675 2498 notas.

190 2513 251 2566 Non
261 2511 397 2566 Phoebeis
409 2515 490 2566 obvia
499 2513 614 2567 flammis

127 2585 178 2635 840
188 2583 288 2636 Demet
298 2582 379 2635 Nocti
390 2583 469 2635 Luna
480 2585 606 2650 timores,

187 2653 339 2722 vincetque
350 2655 392 2704 sui
402 2652 495 2705 fratris
506 2652 640 2720 habenas,

188 2725 276 2776 Curvo
288 2724 396 2776 brevius
406 2724 491 2777 limite
508 2741 627 2778 currens.

187 2794 241 2846 lbit
250 2795 278 2845 in
291 2809 373 2845 unum
385 2802 517 2865 congesta
528 2798 615 2849 sinum

183 2865 280 2924 Turbo
291 2863 417 2922 deorum.

106 2940 167 2998 845
177 2942 255 3012 Hic,
267 2942 315 3018 qui
329 2942 420 2999 sacris
429 2941 541 3012 nervius
549 2937 632 2990 asnis

171 3015 270 3078 occat
280 3017 407 3093 obliquo
418 3013 538 3071 tramite
545 3020 652 3068 nouus
