1776 3330
160 585 386 636 HERCULES
407 584 610 638 omaus.
647 589 735 639 ncT.
756 589 774 638 1.
816 589 867 640 293

57 689 81 739 0
94 695 197 758 quanta
207 687 264 738 sudi
277 695 412 751 monstra,
424 705 493 757 quae
504 690 591 741 nudus
602 689 668 742 mibi

55 760 115 810 Rex
126 758 281 825 imperavit!
304 760 405 809 institit
416 762 501 813 virtus
512 758 577 809 mihi

54 831 159 880 lunone
170 829 256 894 peior.
293 826 349 879 Sed
361 829 423 895 quid
434 829 599 894 impavidum
610 845 696 897 genus

54 898 168 950 Fecisse
180 896 311 964 prodest?
330 914 383 948 non
395 896 498 949 hebent
509 914 605 964 paoem
618 899 674 951 deit

55 969 180 1036 Purgata
190 967 271 1018 teilu
281 970 368 1018 omnis
379 969 406 1018 in
419 968 496 1019 coeio
509 968 592 1030 videt,
832 970 865 1020 65

55 1035 245 1104 Quodcunque
257 1038 359 1088 timuit:
370 1038 509 1089 transtulit
521 1038 588 1089 luno
600 1036 682 1089 ieras.

55 1106 149 1158 Ambit
157 1112 297 1175 peremtus
308 1110 414 1159 Cancer
424 1106 565 1160 ardentem
577 1107 695 1175 plagam,

55 1176 218 1244 Libyaeque
229 1176 303 1227 sidus
316 1175 418 1241 fertur,
433 1183 462 1229 et
472 1193 575 1228 inesses
587 1177 649 1228 alit!

55 1248 160 1298 Annum
172 1245 297 1314 fugacem
309 1246 393 1298 tradit
403 1247 535 1299 Astraeae
545 1246 604 1309 leo;

55 1316 518 1382 Atium,iactensfervidamcoelo
530 1316 631 1377 iubam,
832 1319 867 1367 m

55 1389 185 1437 Austrum
195 1386 350 1438 madentem
361 1387 462 1449 siccat,
474 1392 503 1436 et
513 1386 618 1437 nimbos
630 1389 710 1454 rapit.

56 1457 160 1507 invasit
171 1457 259 1507 omnis
271 1457 349 1507 ecee!
368 1457 423 1506 iam
435 1456 541 1506 coetum
552 1455 621 1515 sera,

56 1526 158 1594 Meque
169 1527 326 1577 antecessit.
362 1524 460 1577 Victor
472 1540 487 1577 e
498 1526 579 1576 terris
590 1540 666 1576 nieos

58 1594 161 1663 Specto
174 1595 291 1647 labores.
320 1596 402 1646 Astra
411 1597 547 1663 portentis
558 1596 632 1662 prius

56 1665 188 1732 Ferisque
200 1666 267 1716 luno
280 1665 387 1716 tribuit:
398 1674 429 1717 ut
439 1665 546 1717 eoelum
556 1663 619 1716 mihi
834 1665 867 1717 15

57 1735 176 1786 Faceret
188 1737 344 1786 timendum.
374 1734 511 1801 Sparserit
522 1735 652 1786 mundum
663 1735 737 1799 licet,

59 1804 225 1872 eoelumque
236 1807 317 1856 terris
328 1807 405 1872 peius
416 1821 450 1856 ao
458 1807 534 1872 peius
546 1804 632 1872 Styge

57 1874 133 1926 lrata
144 1873 241 1925 faciat:
254 1875 363 1927 dabitur
373 1876 483 1926 Aicidae
495 1874 581 1926 locus.
596 1925 599 1930 ,

58 1942 87 1995 Si
99 1944 258 2012 posticias,
271 1952 334 2011 post
345 1944 429 2006 bella,
441 1951 503 2009 post
512 1943 638 2011 Stygium
650 1959 754 2005 canem,

56 2012 184 2066 Nondum
197 2022 271 2065 astra
281 2016 380 2065 merui:
393 2012 499 2064 Siculus
511 2013 674 2079 Hesperium
685 2013 757 2064 latus
834 2016 868 2065 8⁰

57 2086 168 2152 Tangat
180 2084 308 2146 Pelorum
319 2099 375 2134 una
385 2084 439 2133 iarn
452 2081 531 2133 telius
542 2084 606 2133 erit:

54 2153 132 2206 llline
142 2152 245 2221 fugabo
258 2155 351 2204 maria.
382 2151 411 2202 Si
421 2153 496 2219 iungi
507 2152 598 2203 iubes:

55 2225 217 2277 Committat
226 2224 312 2274 undas
325 2220 457 2283 isthmos,
469 2229 497 2271 et
507 2222 600 2272 iuncto
615 2221 673 2272 salo

54 2293 134 2347 Nova
144 2292 269 2344 ferantur
279 2294 385 2344 Atticae
398 2306 503 2358 puppes
514 2292 566 2342 via

53 2365 180 2416 Mutetur
190 2363 277 2415 orbis:
289 2362 404 2414 vallibus
417 2368 512 2412 ourrat
521 2362 598 2412 novis

55 2435 140 2495 ister,
152 2449 292 2500 novasque
303 2432 406 2483 Tanais
417 2432 536 2497 accipiat
547 2433 612 2482 vias.

54 2505 113 2566 Da,
126 2503 162 2555 da
173 2503 305 2564 tuendos,
317 2503 433 2568 iupiter,
445 2499 542 2553 saltem
555 2500 634 2552 deos!

54 2572 349 2627 Illalioebitfulmena
379 2578 438 2624 arte
449 2570 568 2633 auferas,

54 2645 116 2712 Ego
128 2659 209 2712 quam
220 2641 326 2693 tuebor.
356 2586 419 2694 give
430 2640 572 2710 glacialem
584 2641 684 2707 poium,

56 2713 111 2766 Seu
123 2729 167 2765 me
178 2713 249 2764 tueri
260 2710 392 2763 fervidam
404 2719 509 2778 partem
519 2710 613 2764 iubeas
830 2713 863 2764 9⁰

55 2785 118 2835 Hae
129 2799 190 2835 esse
201 2781 322 2850 Superos
331 2788 409 2849 parte
420 2796 532 2834 securos
541 2788 615 2848 puta.

56 2851 189 2906 Cirrhaea
200 2853 292 2904 Paean
303 2851 406 2919 templa
415 2857 443 2902 et
454 2849 603 2902 aethaliam
615 2849 725 2901 domurn

56 2921 109 2975 Ser
129 2930 193 2974 ente
205 2936 286 2973 caeso
298 2924 410 2985 meruit;
422 2926 452 2973 at
463 2922 570 2989 quoties
580 2921 653 2970 iacet

57 2940 169 3060 Pytiion
179 2994 205 3043 in
218 2989 325 3058 hydrei
345 2987 472 3043 Bacchus
483 2996 513 3043 et
522 2990 645 3042 Perseus
657 2989 721 3041 deis

56 3062 114 3112 iarn
123 3078 155 3112 se
164 3061 294 3127 intuma,-
304 3060 355 3114 sed
368 3067 458 3133 quota
469 3069 514 3115 sat
524 3062 629 3115 mundi
637 3061 732 3130 oiaga

44 3130 144 3178 Oriens
153 3126 301 3197 subactus,
312 3140 364 3186 aut
376 3142 470 3206 quota
481 3142 531 3190 est
544 3134 677 3204 Gorgon
687 3122 779 3181 iera*-
