1776 3330
70 455 121 510 240
255 452 287 506 L.
322 451 479 506 ΑΝΝΑΕΙ
500 450 691 506 SENECAE

131 564 245 614 Gratum
255 566 297 610 est
308 565 337 610 et
345 557 419 609 iliud.
454 556 532 610 Voce
540 561 595 609 iam
606 568 728 612 extrema
737 565 803 626 peto,

71 635 120 686 555
131 631 186 693 Ne,
197 631 221 680 si
230 643 285 696 qua
294 633 388 679 noster
397 627 494 679 dubius
505 626 603 679 effudit
613 629 699 690 dulor,

129 701 261 752 Maneant
271 701 299 749 in
310 699 400 749 animo
412 697 503 748 verba.
538 697 662 750 Melioris
673 699 722 750 tibi

130 770 266 822 Memoria
275 768 361 820 nostri
371 766 479 829 sedeat3
490 764 559 819 haec
569 770 627 820 irae
639 769 705 819 data

132 840 339 893 Obiitterentur.
374 850 440 888 tas,
460 835 558 888 Omnia
569 852 604 888 ex
615 841 705 889 animo
717 839 811 905 ειριιΙὴ

133 911 303 976 Precorque,
314 913 343 958 et
351 909 412 974 ipsa
422 904 554 957 fervidam
564 914 595 958 ut
605 916 723 960 mentem
732 923 812 977 regas,

73 976 731 1045 56⁰Placidequetractesxmiseriaslenitquies.
860 1035 865 1048 ι

133 1063 210 1102 nan.
221 1047 362 1099 Discessit
398 1047 466 1097 Itan’
476 1042 536 1097 esti
555 1046 631 1098 vadis
643 1047 741 1098 obiitus
752 1049 799 1097 mei

135 1121 170 1170 Et
181 1125 224 1169 tot
235 1132 357 1168 meorum
367 1114 536 1168 facinorum?
557 1116 706 1168 excidimus
717 1116 780 1167 tibit

132 1188 275 1255 Nunquam
287 1186 451 1238 excidemus.
485 1185 548 1236 Hoc
560 1185 623 1254 agel
635 1202 728 1237 omnes
738 1186 830 1237 adrosa

133 1258 213 1309 Vires
223 1263 252 1309 et
261 1255 348 1308 artes!
368 1255 484 1306 Fructus
496 1261 538 1306 est
554 1255 756 1318 socleramum,

74 1330 124 1381 565
136 1327 241 1378 Nullum
252 1326 340 1377 scelus
352 1331 458 1393 putare.
494 1323 547 1375 Vix
559 1323 648 1377 fraudi
659 1333 701 1379 est
710 1326 793 1377 iocus:

133 1399 281 1449 'rimemus
318 1396 378 1447 Hac
390 1395 553 1464 adgredere,
565 1410 619 1462 qua
629 1411 708 1447 nemu
721 1401 805 1463 potest

135 1466 287 1534 Quidquam
298 1463 406 1516 timere!
428 1463 528 1532 Perge!
550 1480 621 1515 nunc
632 1467 716 1529 aude,
726 1465 814 1530 incipe,

134 1534 268 1603 Quidquid
280 1541 384 1601 potest,
395 1534 506 1595 Medea,
519 1534 647 1601 quidquid
658 1552 711 1586 non
722 1530 815 1603 putent!

133 1609 190 1666 Tu,
202 1605 257 1655 fida
266 1605 370 1667 nutrix,
383 1605 459 1655 socia
469 1606 602 1655 moeroris
613 1607 668 1657 mei

72 1679 122 1728 stu
133 1676 262 1742 Ver-iique
274 1689 366 1736 casus,
378 1674 478 1724 misera
488 1673 600 1724 conside
611 1672 720 1726 adiuva!

133 1748 181 1797 Est
190 1743 262 1811 pulla
274 1744 365 1805 nubis,
377 1759 473 1793 munus
485 1741 624 1794 aetheriae
636 1745 741 1807 dumus,

132 1817 276 1882 Decusque
287 1813 376 1880 regni,
388 1813 484 1880 pignus
494 1814 595 1865 Aeetae
607 1812 701 1867 datum

133 1889 152 1938 Α
166 1883 229 1937 Sole
238 1884 360 1952 generis3
371 1890 414 1934 est
424 1889 453 1934 et
462 1898 529 1934 auro
541 1884 629 1936 textili

132 1955 233 2008 Monile
243 1953 363 2023 fulgens3
375 1953 500 2021 quodque
509 1968 677 2020 gemmarum
688 1958 758 2006 nitor

72 2030 123 2082 575
136 2026 285 2093 Distinguit
296 2039 404 2085 aurum,
415 2038 469 2090 quo
481 2023 570 2075 solent
581 2025 652 2094 cingi
663 2041 762 2078 comae.

132 2098 210 2149 Haec
220 2101 315 2147 nostra
328 2095 384 2145 nuti
395 2094 467 2145 duna
477 2094 588 2145 nubenti
600 2093 699 2159 ierant,

133 2167 188 2219 Sed
199 2174 262 2218 ants
274 2166 339 2218 diris
348 2164 426 2216 iniits
436 2178 468 2214 ae
477 2164 564 2214 tincta
574 2165 687 2216 artibus.

131 2235 255 2290 Vocatur
267 2237 383 2289 Hecate.
418 2232 504 2285 Sacra
514 2233 635 2286 luctifica
646 2235 758 2302 adpara:

132 2306 296 2360 statuantur
305 2322 384 2371 arae,
394 2304 503 2356 flemma
512 2305 567 2355 iam
578 2307 660 2358 tectis
670 2314 754 2358 sonet.

384 2482 566 2530 OHORUS.

129 2604 198 2649 canit
207 2604 302 2655 choras,
313 2602 438 2653 „nerum
445 2601 515 2645 mni
522 2608 579 2659 quet
588 2614 666 2645 amore
676 2603 760 2644 dotum
768 2593 846 2654 poluit·

71 2661 278 2721 nouemquesarm
287 2659 342 2718 qaid
342 2657 438 2715 femina
445 2664 545 2715 pouet“.
555 2666 579 2702 ct
589 2672 640 2702 curn
649 2650 846 2712 restringam&

67 2731 156 2775 poenas
166 2720 270 2763 dederint
278 2717 363 2762 uiolati
372 2715 457 2767 marsi,
466 2713 549 2760 tusus·
556 2717 610 2761 tan«
617 2724 733 2773 metatur.

70 2810 123 2865 580
134 2810 212 2864 Nulls
222 2813 261 2863 ris
271 2810 396 2861 flammae
407 2808 556 2877 tumidique
566 2813 640 2864 venti

130 2887 238 2954 Tanta,
248 2899 301 2942 nec
308 2880 359 2939 teii
365 2880 512 2933 metuende
520 2883 596 2942 torti,

127 2967 258 3037 Quanta,
271 2975 338 3020 cum
348 2953 453 3013 carinux
458 2948 680 3028 dirimamus

515 3019 601 3071 Ridet
608 3023 638 3064 nx
644 3016 718 3072 udis„
