1920 3278
48 386 267 493 „sn-nnana
288 402 461 490 ounnsr.
479 426 628 483 muru.
650 430 734 486 cue.
750 431 788 485 rs.
809 429 855 485 ns

57 559 127 607 esra,
137 561 190 598 nee
202 546 304 608 tenuis,
315 545 366 598 sed
378 547 493 600 muitum
506 551 580 601 oiroa
589 565 620 603 se
631 550 743 603 volvens
756 548 857 601 fumidi

57 613 174 666 ardoris.
211 616 328 667 Cruenti
340 616 461 682 quidam,
481 620 619 680 minaces,
639 620 686 685 qui
698 635 778 672 onnon
792 626 857 688 post

57 684 344 753 sensturisangninis
360 684 459 737 ierunt.
495 689 533 738 Hi
556 689 684 739 minuunt
696 695 856 755 augentque

58 757 146 805 iumen
158 769 240 805 suurn
248 791 257 818 ,
279 754 509 820 quemadmodum
528 757 584 807 aiia
594 757 697 807 sidero:
720 774 790 824 qnae
801 757 856 808 ein·

58 825 140 884 riora,
167 839 253 892 quum
266 822 445 886 descendere,
465 833 540 886 sunt,
561 826 722 890 maioraque
744 832 779 876 ex·
792 827 855 876 ioco

56 894 187 958 propiore
199 893 338 942 visuntur:
360 893 474 954 minore,
486 908 568 959 quum
581 894 710 956 redeunt,
721 900 750 945 et
761 895 855 945 obsun-

56 963 140 1022 riora‚
151 966 217 1028 quia
228 961 371 1013 abducunt
382 977 412 1013 ss
424 963 544 1030 longius.

107 1045 208 1098 XVlii.
231 1046 370 1098 Adversus
381 1045 432 1098 hoc
444 1049 569 1113 protinus
582 1047 780 1115 respondetur,
801 1062 855 1097 non
914 1072 917 1077 ·

55 1113 128 1166 idern
147 1114 275 1167 accidere
285 1117 313 1166 in
326 1118 462 1180 cometis,
485 1118 558 1184 quod
570 1120 597 1168 in
610 1119 720 1169 ueteris.
757 1119 855 1168 Conse·
938 1115 941 1121 ’

56 1195 102 1236 tae
114 1187 187 1235 enirn
200 1199 255 1250 quo
267 1186 386 1250 primunr
400 1185 444 1236 dio
455 1187 643 1252 apparuerint,
657 1185 771 1236 maximi
781 1191 855 1235 sunt.

55 1254 137 1320 ¹itqui
159 1254 294 1306 deberent
314 1268 450 1316 crescere,
470 1271 525 1321 quo
550 1257 664 1323 propius
682 1252 856 1305 accederent.

2 1387 4 1389 p
55 1324 136 1375 Nunc
147 1331 239 1374 utitem
252 1329 346 1373 nsanet
357 1322 614 1388 iiiisprinraiocies,
627 1322 857 1388 doneoincipiont

4 1408 5 1411 ¹
54 1392 208 1458 exstingui.
229 1391 338 1443 Deinde
349 1392 421 1457 quod
435 1392 568 1445 adversus
581 1394 698 1460 priores,
710 1394 796 1443 etianr
810 1389 857 1440 ad·

55 1477 152 1512 versos
164 1459 236 1511 hono
252 1460 371 1512 dicitur:
393 1460 422 1511 Si
440 1471 547 1514 erraret
564 1464 706 1521 Cometes,
728 1467 857 1526 essetque

7 1548 9 1551 ¹
54 1531 142 1590 sidus,
155 1531 231 1580 intra
241 1528 370 1596 signiferi
382 1532 517 1581 terminos
529 1541 695 1592 moveretur,
708 1530 856 1595 introquos
898 1531 902 1540 '

56 1615 137 1651 ‹rsnne
152 1599 232 1650 sidus
249 1614 345 1650 cursus
361 1600 556 1667 suos'coiiigit.
590 1602 616 1653 2.
638 1601 783 1666 Nunquam
811 1613 856 1664 op·

56 1676 137 1734 paret
148 1669 234 1720 steila
253 1683 303 1734 per
322 1667 440 1719 stellam.
476 1670 557 1721 Acies
578 1677 675 1721 nostra
691 1685 744 1720 non
762 1675 858 1734 potest

56 1753 105 1803 per
116 1738 238 1789 medium
250 1738 326 1789 sidus
338 1738 423 1800 exire,
443 1745 473 1788 ut
484 1753 533 1804 per
548 1738 616 1790 iilud
633 1739 778 1805 superiora
795 1753 856 1805 pro-

57 1809 168 1874 spiciat.
205 1807 257 1858 Per
278 1809 411 1858 Cossneten
426 1815 518 1858 autern
539 1824 593 1860 non
608 1809 692 1860 aliter
707 1822 790 1874 quarn
808 1819 858 1872 per

57 1880 156 1930 nubens
179 1876 319 1927 ulteriora
340 1884 506 1927 cernuntur:
539 1892 573 1927 ea
598 1892 652 1943 quo
674 1883 801 1944 apparet,
824 1874 857 1925 il-

57 1948 115 1998 lum
133 1962 190 1998 non
201 1961 262 1998 esse
273 1945 366 2009 sidus,
387 1945 436 1996 sed
451 1945 539 1998 ierem
551 1945 644 2014 ignem
661 1962 694 1999 oo
705 1945 857 1997 tunruitun·

10 2048 11 2057 ι
58 2031 136 2068 rsurn.

108 2100 184 2152 xlx.
196 2099 290 2151 Zenon
304 2105 400 2151 noster
413 2099 439 2149 in
453 2099 502 2150 iiia
511 2101 649 2153 sententia
660 2106 715 2152 est:
727 2113 860 2166 congruo·

0 2185 2 2212 ῑ
57 2187 85 2225 re
94 2170 203 2221 iudicat
215 2169 323 2230 stelias,
335 2175 363 2220 et
376 2169 468 2219 radios
479 2171 552 2221 inter
562 2186 593 2222 se
603 2170 791 2221 committere:
810 2167 861 2218 hac

58 2240 193 2293 totietate
206 2238 319 2288 luminis
331 2237 466 2290 exsistere
477 2239 625 2306 imaginem
642 2239 740 2290 stellae
754 2236 862 2303 iongio÷

2 2330 6 2335 ·
59 2312 104 2361 ris.
140 2311 216 2374 Ergo
228 2307 342 2374 quidam
360 2306 451 2357 nullos
468 2324 529 2360 esse
547 2311 674 2360 Cometus
690 2309 861 2365 existimant,

1 2374 3 2378 ’
59 2378 105 2431 sed
127 2380 237 2445 species
254 2377 366 2428 iilorunn
385 2391 433 2440 per
449 2379 686 2443 repere-ursionem
706 2377 862 2428 vicinos-una

1 2484 3 2486 ·
60 2446 191 2505 siderum,
203 2454 252 2497 out
265 2461 314 2512 per
327 2446 550 2498 coniunctionem
558 2444 862 2498 cohaerentiunrreddi.

0 2519 17 2539 ’“
61 2517 215 2579 zoninum
228 2516 310 2566 aiunt
324 2529 385 2565 esse
399 2513 518 2580 quidem,
535 2515 585 2566 sed
598 2514 700 2568 habero
713 2530 808 2566 cursus
820 2528 864 2562 su·

16 2633 17 2636 ,
63 2600 102 2654 sp,
122 2590 152 2639 et
169 2591 235 2652 post
252 2592 332 2635 certo
349 2583 439 2634 instra
452 2584 480 2634 in
503 2592 681 2650 conspectum
703 2582 862 2634 mortalium

0 2697 2 2718 ς
15 2673 17 2678 ’
66 2653 143 2720 taire.
163 2654 285 2718 Quidam
297 2668 361 2706 esse
372 2651 491 2718 quidem,
500 2653 551 2704 sed
561 2668 616 2704 non
629 2654 729 2720 quibus
740 2652 863 2702 siderum

0 2724 18 2821 'p
67 2735 155 2778 men
168 2726 316 2789 imponas;
333 2722 399 2787 quia
410 2720 581 2784 ditabuntur,
593 2739 644 2776 noo
655 2723 702 2774 diu
714 2721 826 2777 durant,
837 2719 866 2764 ti

1 2796 22 2850 ι’,
68 2793 148 2864 mus
162 2793 304 2860 temporis
317 2805 398 2841 mora
407 2790 592 2858 dissipantur.

80 2870 170 2951 cdxx.
192 2898 222 2948 tn
241 2894 296 2946 hoo
307 2893 445 2970 sententia
457 2901 529 2948 sont
542 2897 679 2971 plerique
690 2880 889 2959 nostrorum

67 2967 149 3033 qn'd
158 2970 264 3027 potant
280 2965 390 3011 rerrtotr
403 2975 575 3033 repugnare.
616 2973 772 3032 Videmud
796 2971 900 3037 euim,

47 3154 128 3201 Q
165 3155 171 3173 ¹
