1912 3338
110 469 163 524 826
284 466 319 518 1..
355 465 513 518 ANNAEl
533 464 727 521 sanncAE

110 574 179 627 ltro
191 571 278 624 Pindo
291 571 409 622 cadaver
419 571 511 622 obruit
520 576 581 622 toto
592 586 696 621 meum:

190 641 254 693 Sine
264 639 345 692 hoste
355 642 463 703 rincor;
474 640 600 708 quodque
610 656 654 691 me
665 646 778 708 torquet
791 645 876 712 magis

189 713 213 762 0
226 713 326 761 misera
335 710 432 761 virtus!
454 725 573 760 summus
585 709 696 760 Alcidae
708 711 767 762 dies

189 780 298 832 Nullum
309 779 409 830 malum
420 779 581 845 prosternit;
591 780 735 844 impendo,
748 779 794 832 hei
806 782 880 842 mihi,

189 852 219 902 ln
229 849 306 900 nulla
312 850 397 900 sitam
407 847 494 898 lacta!
516 844 590 898 Proh
600 849 693 899 mundi
705 851 820 914 arbiter,

110 921 178 970 1175
191 918 355 986 Supen'que,
367 917 502 985 quondam
515 917 645 967 dexterae
655 924 743 970 testes
755 936 842 982 meae,

189 986 264 1041 Proh
277 995 376 1040 cuncta
385 987 478 1047 tellus,
490 987 617 1039 Herculis
628 989 711 1038 vestri
724 988 815 1055 placet

190 1059 309 1109 Mortem
341 1054 428 1108 erirel
447 1056 529 1107 Dirus
539 1071 556 1106 ο
566 1056 645 1106 nobis
657 1058 759 1122 pudor!

190 1129 215 1178 0
225 1134 304 1192 turpe
313 1073 412 1177 fldtum!
433 1125 534 1177 femina
544 1126 698 1178 Herculeae
708 1131 785 1181 necis

190 1198 293 1248 Auctor
303 1196 420 1260 feretum
433 1202 530 1246 auctor
538 1195 645 1248 Alcides
656 1197 772 1263 quibus!

111 1267 180 1319 118⁰
191 1267 297 1318 lnricta
306 1267 328 1316 si
340 1282 383 1317 me
394 1264 492 1317 cadere
503 1264 621 1315 feminea
630 1280 712 1316 mauu

192 1335 312 1388 Voluere
323 1334 396 1399 fata,
408 1349 509 1402 perque
522 1340 579 1384 tam
590 1342 684 1400 turpes
697 1336 775 1387 colos

192 1407 258 1457 Mea
268 1420 342 1456 mors
353 1406 485 1456 cucurrit:
499 1404 597 1456 cadere
608 1407 776 1471 potuissem,
787 1407 831 1460 hei
847 1405 917 1469 mihi,

192 1476 303 1526 lunonis
314 1475 390 1526 odio:
402 1474 519 1525 feminae
530 1474 656 1525 caderem
668 1476 758 1539 minis,

193 1543 247 1595 Sed
260 1545 365 1596 coelum
376 1542 509 1595 habentis.
546 1542 574 1594 Si
585 1544 678 1606 nimis,
690 1542 803 1611 Superi,
816 1548 877 1599 luit:

114 1613 182 1664 1185
193 1612 325 1678 Scythico
336 1614 386 1664 sub
398 1628 450 1664 axe
461 1616 554 1681 genita
564 1613 713 1665 domuisset
725 1631 801 1669 meas

194 1681 274 1733 Vires
285 1682 413 1733 Amazon.
451 1683 581 1733 Feminae
593 1684 669 1733 cuius
679 1699 763 1736 manu

193 1752 303 1802 lunonis
315 1749 401 1802 hostis
412 1751 523 1803 viscort
545 1754 616 1803 llinc
627 1754 740 1819 gratior
751 1758 801 1820 tui,

193 1820 331 1883 Nouerca,
343 1821 431 1888 pudor
443 1821 497 1873 est!
521 1823 591 1884 Quid
604 1821 673 1874 diem
684 1820 757 1878 hunc
769 1826 912 1879 laetumve·

650 1891 713 1941 casl

193 1959 264 2021 Quid
275 1959 330 2011 tale
343 1959 422 2010 tellus
434 1961 529 2026 genuit
539 1961 626 2012 iratae
637 1961 702 2011 tibil

111 2029 180 2080 1190
191 2030 315 2080 Mortalis
328 2029 392 2080 odia
401 2029 502 2081 femina
514 2032 632 2082 excessit
643 2037 698 2081 tua

191 2096 285 2150 Adhuc
297 2099 405 2151 ferebas
416 2116 476 2152 esse
488 2107 515 2151 te
526 2100 635 2152 Alcidae
645 2104 793 2168 imparem

191 2169 274 2220 Victa
285 2185 313 2220 es
325 2169 444 2220 duobus:
456 2169 558 2236 pudeat
569 2171 669 2221 irarum
681 2172 757 2223 deus.

192 2239 300 2289 Utinam
312 2255 372 2289 meo
385 2253 482 2291 cruore
493 2240 621 2290 satiasset
632 2257 698 2289 suos

190 2307 329 2360 Nemeaeu
339 2310 423 2359 rictus
434 2311 532 2376 pestis,
545 2318 593 2360 aut
604 2318 713 2361 centum
725 2315 856 2379 ungaribus

111 2376 179 2427 1195
191 2377 314 2429 Vallatus
325 2376 441 2444 hydram
453 2379 516 2430 tabe
528 2381 660 2444 pavissem
672 2381 746 2431 meal

193 2448 300 2497 Utinam
314 2447 425 2499 fuissem
438 2448 540 2516 praeda
550 2450 694 2500 Centauris
708 2451 797 2512 datus,

191 2519 244 2566 Aut
253 2518 325 2568 inter
334 2519 458 2581 umbras,
470 2521 570 2579 victus,
583 2526 695 2571 aeterno
706 2522 789 2572 miser

189 2585 263 2637 Saxo
273 2587 410 2648 sederem,
420 2588 508 2654 spolia
517 2604 578 2638 cum
589 2592 659 2639 traxi
670 2591 766 2640 ultima

192 2657 263 2707 Fato
274 2658 413 2724 stupente!
437 2658 514 2708 Nunc
525 2658 558 2708 ab
570 2657 677 2709 inferna
689 2659 775 2727 Styge

110 2721 179 2775 1200
189 2727 292 2778 Lucem
305 2729 409 2794 recepi,
421 2728 488 2779 lucis
500 2729 568 2779 erici
578 2744 683 2789 moras3

190 2796 294 2864 Ubique
304 2812 347 2847 me
359 2813 432 2848 mors
443 2798 525 2864 fugit,
538 2806 567 2846 ut
579 2798 733 2850 teloinelito

190 2867 296 2924 Mortis
305 2884 437 2923 carerem.
467 2864 605 2918 llrohieri
616 2869 679 2918 uicti
690 2874 718 2919 et
726 2867 816 2935 ferae!

190 2943 258 3001 Non
270 2941 469 3000 metrilurmia
476 2936 535 2989 sole
542 2939 767 2996 eonaqeeaocaxhs

190 3023 239 3076 Ad
249 2999 759 3090 8111151ῐεὸὶὶιὶῑζΐιωεὼῆᾋκῃὶκὴ
765 2999 831 3056 qma
