1776 3330
104 464 156 521 ssa
304 460 337 515 a.
355 458 510 530 annam
529 457 721 518 saracin

163 568 287 621 Troades
298 569 410 619 summis
422 569 535 619 timuere
547 571 640 632 muris,

163 638 286 691 Perdidit
294 640 322 688 in
333 638 410 690 malis
421 645 571 691 extremum
582 639 676 703 decus,

102 711 152 762 620
164 710 284 760 Fortiter
294 709 377 759 vinci:

162 779 273 831 Restitit
283 779 359 829 annis
369 778 454 829 'l'roia
464 779 506 828 bis
517 780 613 846 quinis,

163 849 247 900 Unius
259 848 347 898 noctis
359 849 480 915 peritura
490 847 573 900 furto.

164 918 288 971 Vidimus
299 916 426 969 simulata
436 915 507 968 dona
518 919 579 970 moli
592 920 757 984 immensam

163 988 343 1055 Danaumque
355 986 439 1038 fatale
449 1002 546 1039 munus

105 1057 155 1108 625
167 1057 401 1108 Duximusnostra
412 1057 513 1109 creduli
525 1058 635 1121 dextm

165 1128 342 1194 'l'remnitque
353 1141 436 1193 saepe

165 1196 272 1248 Limine
281 1198 307 1247 in
320 1196 405 1262 primo
415 1197 539 1263 sonipes,
551 1199 674 1249 cavernis

164 1265 295 1317 Conditos
306 1280 385 1333 reges
397 1266 549 1334 bellumque
560 1275 671 1335 gestans

167 1337 201 1386 iit
211 1335 287 1386 licuit
298 1350 408 1387 versare
420 1333 510 1398 dolos,
524 1344 554 1387 ut
563 1338 614 1404 ipsi

106 1404 157 1457 630
168 1405 275 1458 Fraude
285 1421 335 1456 sua
347 1407 421 1473 capti
430 1405 560 1458 caderent
570 1406 686 1474 Pelasgi.

167 1473 255 1543 Saepe
268 1482 421 1528 commotae
432 1491 549 1528 sonuere
560 1491 684 1542 pannae3

166 1546 347 1612 Tacitumque
358 1560 480 1597 murmur
490 1552 624 1614 percusnt
633 1560 715 1597 aures

166 1616 202 1667 Ut
211 1613 322 1666 fremuit
333 1615 404 1666 male
414 1615 529 1668 subdolo
541 1630 639 1683 parem
651 1615 774 1683 Pyrrhus
784 1607 871 1683 Ulyssi.

166 1683 269 1736 Secura
281 1689 368 1735 metus
379 1686 482 1738 Troica
492 1686 577 1753 puber

105 1753 156 1807 636
167 1753 267 1805 Sacros
278 1752 381 1822 gaudet
391 1762 505 1823 tangere
516 1754 602 1807 iunea

166 1824 238 1875 ilinc
249 1825 377 1891 aequaevi
388 1826 480 1893 gregis
490 1827 639 1892 Astyanax,

166 1894 239 1946 Hinc
249 1894 403 1945 Haemonio
414 1894 551 1961 desponsa
561 1910 638 1964 rogo,

164 1964 278 2017 Ducunt
288 1970 404 2028 turmas3
417 1962 485 2018 haec
496 1964 636 2027 femineas,

165 2035 214 2087 lile
225 2034 324 2087 viriles.
360 2035 459 2087 Festae
471 2042 573 2087 matres

106 2105 157 2157 usu
169 2106 272 2158 Votiva
281 2104 372 2156 ierunt
381 2119 494 2156 munera
503 2104 584 2169 divis3

165 2175 240 2226 Festi
252 2181 345 2242 patres
357 2174 458 2226 adeunt
468 2189 539 2226 aras.

166 2245 240 2296 Unus
252 2249 312 2295 tota
321 2244 411 2296 vultus
421 2245 450 2296 in
461 2244 528 2296 urbe
539 2251 593 2297 est:

167 2315 217 2376 Et,
230 2314 302 2382 quod
314 2329 450 2382 nunquam
462 2321 524 2380 pust
536 2315 691 2368 Hectoreus

167 2383 292 2435 Vidimus
303 2384 393 2452 ignes,
404 2383 479 2435 laeta
489 2391 531 2435 est
542 2383 665 2437 Hecabe.

107 2451 156 2503 646
169 2453 240 2515 Quid
251 2469 323 2505 nune
333 2455 461 2521 primum,
472 2453 551 2505 dolor
560 2453 664 2518 infelix,

166 2522 271 2584 Quidve
282 2530 433 2575 extremum
444 2522 544 2576 deflere
556 2525 653 2590 paras!

167 2593 290 2655 Moenia,
302 2593 392 2643 dirum
403 2592 538 2645 fabricata
549 2610 640 2657 manu,

166 2663 265 2714 Diruta
275 2661 385 2713 nostrai

165 2734 205 2783 An
217 2732 319 2799 templa
330 2732 396 2783 deos
407 2747 489 2799 super
501 2741 563 2785 usta
575 2735 656 2787 suosi

107 2802 158 2855 650
170 2801 231 2854 Non
243 2808 322 2852 vacat
333 2802 392 2855 istis
402 2801 546 2855 lacrimare
557 2804 649 2857 malis:

168 2876 229 2942 Te,
239 2888 339 2946 magna
347 2872 534 2943 aarenmllant
544 2873 649 2928 Iliades„

169 2948 337 3024 varran,
445 3013 449 3021 ἱ

171 3027 263 3087 Senis
273 3029 309 3082 in
316 3017 421 3094 iugula
427 3005 628 3074 telmessus
