1912 3338
325 566 517 616 Octavii.
536 568 615 616 aei.
628 567 673 617 ili.

85 668 225 734 Vubisque
238 683 289 735 ego
300 671 350 717 sim
362 684 445 718 causa
456 669 601 719 malcrum!

84 738 146 787 Non
160 734 213 786 hoe
226 740 341 801 primum
353 746 467 804 pectora
479 739 575 789 vuinus

83 807 149 857 Mea
160 812 315 868 scnnemmtg
327 809 453 874 graviora
464 808 521 858 tuli.

85 876 168 925 Dabit
179 873 222 925 hic
234 881 334 925 nostris
345 876 427 948 iipem
440 879 511 927 euris

85 945 135 996 Vei
147 953 235 996 munte
248 945 313 995 dics.
334 946 393 996 Non
406 963 458 1015 ego
470 949 544 997 saevi

84 1016 202 1065 Cernere
215 1030 298 1082 cogar
310 1018 432 1084 coniugis
444 1025 501 1080 orti,

83 1084 146 1134 Non
157 1086 258 1135 inuisos
270 1086 373 1136 intrare
384 1085 450 1137 mihi

84 1152 234 1205 Thalamos
245 1153 379 1217 famulae3

84 1223 171 1274 Soror
180 1225 308 1292 Augusti,
320 1240 373 1274 non
386 1239 474 1285 uxor,
486 1240 543 1276 ero.

83 1294 179 1344 Absint
192 1299 297 1345 tantum
308 1297 400 1344 tiistes
411 1309 527 1361 poenae,

86 1364 203 1430 Letique
216 1371 312 1413 metus.
323 1392 356 1401 -

4 1484 8 1489 ,
85 1433 224 1484 Scelerum
237 1433 302 1491 diii,
313 1432 481 1495 miseranda,
492 1434 553 1494 viii,

84 1503 170 1554 Potes
182 1501 264 1563 haec,
276 1502 401 1564 demens,
413 1517 525 1568 sperare
535 1500 658 1555 memori

84 1572 145 1623 Hoc
156 1571 190 1623 ad
201 1570 335 1623 thalamos
346 1579 456 1624 servata
467 1571 523 1634 diu,

83 1641 203 1693 Victima
213 1642 323 1692 tandem
335 1641 445 1694 funesta
456 1641 546 1693 cades.

86 1709 140 1762 Sed
152 1710 216 1779 quid
228 1712 332 1778 patn'os
343 1728 427 1779 saepe
439 1719 553 1779 penates

80 1781 206 1849 Respicis
217 1781 277 1832 udis
289 1782 406 1833 confusa
416 1781 511 1850 ganisi

81 1851 207 1919 Propera
218 1853 298 1903 tectis
311 1852 410 1904 efferre
420 1851 534 1920 gradus!

82 1920 193 1988 Linque
206 1928 346 1971 cruentam
357 1923 487 1988 principis
498 1919 601 1971 aulam!

86 2002 187 2039 ciaon.
210 1991 250 2040 En
261 1989 350 2039 illuxit
360 1997 491 2054 suspecta
500 1990 548 2040 diu

81 2058 171 2109 Fama
181 2059 264 2107 toties
275 2058 379 2108 iactata
389 2056 459 2109 dies!

84 2127 175 2180 Gessit
184 2124 312 2177 thalamis

84 2196 199 2248 Claudia
208 2196 258 2246 diii
270 2197 348 2263 pulsa
359 2195 485 2259 Neronis,
556 2224 559 2230 ν

85 2266 161 2328 Quos
172 2267 227 2317 iam
238 2267 337 2317 victrix
347 2267 480 2334 Poppaea
490 2271 576 2330 tenet,

4 2346 6 2352 ⁴
84 2338 181 2388 Cessat
191 2337 279 2403 pietas
292 2337 354 2386 dum
366 2343 475 2398 nostra,
486 2338 564 2405 gravi

84 2408 248 2473 Comprensa
259 2414 348 2469 metu,
361 2408 506 2474 segnisque
520 2405 607 2457 dolor.

82 2477 135 2528 Ubi
147 2477 262 2526 Romani
274 2479 314 2526 iis
327 2483 369 2527 est
378 2477 482 2543 popuii,

82 2547 178 2614 Fregit
189 2545 278 2597 claros
290 2562 359 2615 quaa
370 2561 453 2613 saepe
465 2546 558 2609 duces,

82 2615 168 2667 Dedit
177 2617 295 2666 invictae
307 2617 381 2683 leges
394 2618 509 2683 patriae,

82 2686 185 2737 Fasces
196 2686 284 2753 dignis
296 2686 399 2737 civibus
411 2687 484 2749 olim,

82 2757 165 2807 lussit
175 2757 275 2807 belluni
287 2771 450 2823 pacemque,
462 2755 536 2807 feras

84 2825 188 2877 Gentes
200 2826 313 2889 domuit,

84 2897 187 2960 Captos
197 2911 277 2964 reges
289 2911 399 2947 carcere
411 2894 526 2946 clausit!

85 2965 198 3027 Gravis,
211 2981 243 3014 en
251 3003 258 3028 ‚
271 2966 356 3015 oculis
367 2966 485 3031 undiquc
498 2970 599 3015 uostris

85 3036 141 3084 iam
155 3034 302 3100 Poppaeae
314 3033 402 3103 fulget
414 3037 520 3104 imago,

78 3104 173 3152 lancta
183 3102 287 3153 Neroni
292 3104 301 3154 i
