1920 3278
95 478 252 533 Nerola.
271 475 445 542 QUAEST.
464 477 545 532 Llll.
559 479 604 534 lv.
623 481 706 536 csl’.
722 481 762 534 10.
795 480 839 535 lll

33 607 61 651 et
74 599 197 648 vitreum
210 603 238 648 et
250 602 423 664 argenteum,
435 612 520 649 aeneo
532 598 616 651 citius
628 601 707 653 calor
716 601 842 663 accedet,

34 669 143 718 diutius
154 666 290 718 haerebit.
314 664 412 717 sdiice
422 667 531 729 deinde,
542 683 629 735 quare
640 669 691 722 hoc
702 671 843 722 existimet

35 739 105 790 fieri.
143 737 205 797 llis,
215 735 316 801 iuquit,
329 737 503 801 corporibus,
514 751 586 803 quae
598 738 712 790 duriora
723 746 752 790 et
764 754 841 806 pres·

35 808 113 858 siura
126 805 314 873 densioraque
325 811 519 866 summes-esse
531 812 574 857 est
587 810 693 858 minora
705 808 843 858 foramina

36 891 107 938 esse,
118 886 147 926 et
160 875 315 927 tenuiorem
328 873 355 924 in
366 875 485 941 singulis
496 875 633 939 spiritum.
670 876 802 943 Sequitur
813 882 843 925 ut

36 943 271 1009 quemadmodum
291 949 398 994 minora
409 943 551 995 balnearia
562 952 591 995 et
603 946 710 995 minora
722 944 843 994 miliaria

37 1016 121 1062 citius
136 1013 282 1067 calefiunt,
302 1013 342 1061 sie
354 1010 422 1061 hoec
434 1014 571 1064 foramina
583 1013 694 1065 occulta
705 1021 732 1063 et
747 1012 843 1062 esculos

36 1081 211 1149 effugientia,
224 1089 252 1132 et
263 1081 382 1132 relerius
394 1080 531 1132 lervorem
544 1083 676 1143 sentiant,
687 1089 715 1133 et
729 1091 843 1148 propter

36 1151 149 1271 (eiusdem
160 1151 306 1216 angustias
320 1150 454 1217 quidquid
466 1159 639 1216 receperunt,
659 1151 769 1203 tardius
780 1151 842 1202 red·

54 1230 111 1270 lni-

87 1287 124 1339 Χ.
145 1288 225 1338 llaec
240 1287 324 1355 longe
341 1295 509 1354 praeparata
525 1288 560 1340 ad
577 1288 604 1339 id
617 1289 786 1354 perducunt,
807 1286 842 1336 de

36 1372 90 1423 qao
115 1372 190 1407 nunc
211 1360 356 1423 quaeritur
402 1358 498 1408 Omnis
519 1360 568 1409 air
589 1373 643 1424 quo
663 1360 778 1423 propior
798 1363 842 1406 est

37 1428 134 1486 terris,
157 1424 212 1476 hoe
228 1427 358 1476 crassior·
394 1426 634 1489 Quemadmodum
652 1428 679 1476 in
690 1441 762 1491 aqua
774 1431 801 1475 et
815 1424 841 1474 in

37 1497 110 1545 omni
129 1494 247 1545 hurssore
263 1494 325 1545 laea
345 1497 400 1545 inm
416 1504 471 1546 est:
493 1497 534 1546 ita
550 1497 578 1547 in
595 1498 661 1546 aire
672 1494 842 1562 spississima

38 1562 166 1630 quaeque
177 1563 318 1614 desidunt.
349 1567 402 1615 lam
415 1573 507 1617 autem
521 1565 667 1632 probatum
680 1571 733 1626 est,
747 1563 841 1613 «inania

37 1648 90 1697 qam
100 1634 249 1685 crassioris
260 1633 460 1700 umidiorisque
471 1635 605 1685 nauteriae
616 1642 693 1696 sunt,
708 1631 760 1683 hoe
771 1631 839 1683 lide·

38 1702 89 1753 lius
99 1701 246 1754 custodire
256 1701 377 1753 calorem
391 1710 546 1770 receptum:
559 1703 608 1755 sed
620 1718 674 1770 quo
687 1703 788 1755 editior
797 1708 840 1753 est

38 1778 96 1833 ae'r,
109 1778 139 1823 et
150 1787 206 1840 quo
219 1773 331 1838 longius
342 1788 358 1823 a
370 1780 507 1824 terrarum
520 1773 640 1823 colluvie
652 1773 776 1832 recessit,
786 1769 840 1820 herc

37 1841 172 1892 sincerior
188 1842 340 1908 puriorque
357 1850 408 1893 est.
445 1842 540 1908 ltaque
557 1844 643 1894 solem
661 1859 715 1892 nean
728 1840 840 1900 retinet,

37 1911 83 1963 aad
95 1912 171 1963 salut
184 1926 234 1978 per
247 1912 328 1962 inane
339 1912 519 1962 transmittit:
531 1911 594 1963 ideo
606 1911 696 1961 minus
707 1908 810 1961 calefit.

86 1979 136 2032 xl.
159 1981 264 2032 contra
280 1988 372 2031 autem
385 1981 496 2047 quidum
510 1981 596 2040 aium,
608 1979 752 2030 rucrrmima
765 1990 842 2026 mon·

39 2047 105 2101 tiam
126 2047 182 2100 boc
202 2048 341 2101 calidiora
357 2065 418 2100 esse
433 2050 548 2109 debere,
568 2066 624 2116 quo
639 2048 693 2099 soli
711 2045 843 2112 propiora

40 2126 109 2169 sant
148 2118 205 2180 uui
219 2116 286 2169 milri
301 2119 434 2171 ridentur
445 2133 554 2179 errare,
576 2117 649 2184 quod
661 2115 844 2182 Apenninum,

41 2194 68 2237 et
87 2187 185 2254 Alpes,
207 2196 236 2238 et
256 2187 329 2238 alios
350 2195 432 2238 notos
454 2189 489 2239 ob
512 2188 643 2239 eximiam
666 2182 843 2235 altitudinem

42 2264 146 2308 montes
156 2259 186 2308 in
201 2265 307 2307 tantum
321 2263 420 2321 putant
436 2272 577 2318 creseere,
598 2263 629 2306 ut
649 2254 761 2304 illorum
785 2265 843 2301 ma·

41 2325 153 2391 galtado
163 2329 272 2377 sentire
284 2326 354 2376 solis
366 2326 492 2377 rirlniam
505 2325 604 2390 permit.
645 2322 763 2375 llseelsa
778 2326 844 2371 sunt

41 2398 104 2457 lata,
125 2396 261 2463 quamdiu
281 2397 360 2446 uerbis
372 2401 585 2463 consparantur3
607 2400 636 2444 at
648 2407 713 2449 vero
726 2393 772 2442 ubl
786 2391 845 2440 asni·

41 2478 144 2518 mauu·
158 2464 327 2531 respexeris,
338 2465 488 2517 nsanllesta
502 2469 545 2514 est
556 2463 679 2513 omnium
691 2460 844 2512 humilitas.

41 2534 112 2588 mu
123 2551 156 2586 se
166 2536 337 2592 rincuntur,
359 2543 386 2586 et
400 2535 520 2585 rinrrmt.
556 2533 583 2582 2.
604 2533 731 2583 ceterum
745 2530 773 2580 in
785 2536 845 2578 tarr·

37 2597 92 2659 ‘im
104 2601 174 2655 nihil
188 2604 342 2662 attolitur,
357 2613 389 2653 ut
401 2603 551 2654 stillatione
561 2602 648 2650 totius
659 2599 738 2650 nulls
751 2601 788 2648 sit
801 2594 843 2645 rel

14 2725 15 2729 ,
37 2670 163 2740 {mimis
178 2673 288 2739 portio:
312 2673 446 2738 quodnisi
459 2679 609 2731 ess‹·t,non
623 2670 790 2723 diceremus,
801 2673 843 2713 to·

28 2734 90 2799 fi
107 2743 207 2795 orbem
224 2751 364 2793 terrarum
384 2742 466 2808 pilam
484 2756 553 2792 esse.
591 2737 667 2788 Pilae
685 2735 842 2814 proprietas

13 2805 157 2878 &tuso
171 2812 350 2878 aequalitate
360 2811 479 2878 quadam
493 2807 664 2859 rotunditas:
684 2801 845 2871 aequatus·

13 2871 88 2949 ,ih
99 2891 201 2934 autem
214 2881 289 2932 lranr
297 2884 402 2944 arripe,
423 2894 504 2944 qaam
523 2878 602 2933 rides
613 2880 641 2932 in
656 2881 768 2934 lusoria
780 2875 852 2950 olla.

61 2959 64 2963 ·
110 2953 227 2998 moltam
244 2947 503 3000 illieommr'ssurae
518 2957 549 3002 el
568 2953 666 3010 rimae
684 2970 792 3009 tartum
806 2971 861 3009 nes.

19 3063 22 3095 j
46 3021 88 3110 λζ,
109 3024 166 3085 quo
174 3008 442 3069 ntoruspsrss'bs‘sb
454 3021 537 3074 ouini
547 3032 640 3097 paq-10
654 3029 794 3090 dicmur,
837 3032 857 3087 ’,ς
