<?xml version="1.0" encoding="UTF-8"?>
<!DOCTYPE html PUBLIC "-//W3C//DTD XHTML 1.0 Transitional//EN"
    "http://www.w3.org/TR/xhtml1/DTD/xhtml1-transitional.dtd">
<html xmlns="http://www.w3.org/1999/xhtml" xml:lang="en" lang="en">
 <head>
  <title>
</title>
<meta http-equiv="Content-Type" content="text/html;charset=utf-8" />
  <meta name='ocr-system' content='tesseract 3.04.00' />
  <meta name='ocr-capabilities' content='ocr_page ocr_carea ocr_par ocr_line ocrx_word'/>
</head>
<body>
  <div class='ocr_page' id='page_1' title='image "./lannaeisenecaep00senegoog_0515.png"; bbox 0 0 1776 3330; ppageno 0'>
   <div class='ocr_carea' id='block_1_1' title="bbox 157 564 745 622">
    <p class='ocr_par' dir='ltr' id='par_1_1' title="bbox 157 564 745 622">
     <span class='ocr_line' id='line_1_1' title="bbox 157 564 745 622; baseline 0.007 -7"><span class='ocrx_word' id='word_1_1' title='bbox 157 564 360 616; x_wconf 64' lang='lat' dir='ltr'>T&#39;Ronnsss.</span> <span class='ocrx_word' id='word_1_2' title='bbox 397 566 483 616; x_wconf 82' lang='lat' dir='ltr'>ACT.</span> <span class='ocrx_word' id='word_1_3' title='bbox 502 567 536 618; x_wconf 83' lang='lat' dir='ltr'>lt.</span> <span class='ocrx_word' id='word_1_4' title='bbox 695 571 745 622; x_wconf 75' lang='lat'>193</span> 
     </span>
    </p>
   </div>
   <div class='ocr_carea' id='block_1_2' title="bbox 52 669 812 3101">
    <p class='ocr_par' dir='ltr' id='par_1_2' title="bbox 52 669 531 790">
     <span class='ocr_line' id='line_1_2' title="bbox 52 669 531 735; baseline 0 -16"><span class='ocrx_word' id='word_1_5' title='bbox 52 685 92 719; x_wconf 84' lang='lat' dir='ltr'>rra</span> <span class='ocrx_word' id='word_1_6' title='bbox 103 671 205 735; x_wconf 77' lang='lat' dir='ltr'>possis,</span> <span class='ocrx_word' id='word_1_7' title='bbox 218 669 294 735; x_wconf 87' lang='lat' dir='ltr'>plura</span> <span class='ocrx_word' id='word_1_8' title='bbox 306 671 440 735; x_wconf 77' lang='lat' dir='ltr'>patienter</span> <span class='ocrx_word' id='word_1_9' title='bbox 451 669 531 721; x_wconf 86' lang='lat' dir='ltr'>feras.</span> 
     </span>
     <span class='ocr_line' id='line_1_3' title="bbox 52 738 460 790; baseline 0.002 -2"><span class='ocrx_word' id='word_1_10' title='bbox 52 738 109 790; x_wconf 84' lang='lat' dir='ltr'>rede</span> <span class='ocrx_word' id='word_1_11' title='bbox 122 739 181 787; x_wconf 87' lang='lat' dir='ltr'>dira</span> <span class='ocrx_word' id='word_1_12' title='bbox 192 739 296 789; x_wconf 83' lang='lat' dir='ltr'>nnbiies</span> <span class='ocrx_word' id='word_1_13' title='bbox 308 739 372 788; x_wconf 85' lang='lat' dir='ltr'>clari</span> <span class='ocrx_word' id='word_1_14' title='bbox 384 740 460 789; x_wconf 81' lang='lat' dir='ltr'>ducis</span> 
     </span>
    </p>

    <p class='ocr_par' dir='ltr' id='par_1_3' title="bbox 52 806 787 942">
     <span class='ocr_line' id='line_1_4' title="bbox 52 806 787 875; baseline 0.011 -17"><span class='ocrx_word' id='word_1_15' title='bbox 52 811 86 875; x_wconf 72' lang='lat' dir='ltr'>,ris</span> <span class='ocrx_word' id='word_1_16' title='bbox 97 807 223 858; x_wconf 75' lang='lat' dir='ltr'>umbrasi</span> <span class='ocrx_word' id='word_1_17' title='bbox 244 807 364 858; x_wconf 81' lang='lat' dir='ltr'>Noscere</span> <span class='ocrx_word' id='word_1_18' title='bbox 376 806 428 858; x_wconf 87' lang='lat' dir='ltr'>hoc</span> <span class='ocrx_word' id='word_1_19' title='bbox 440 809 554 874; x_wconf 85' lang='lat' dir='ltr'>primunr</span> <span class='ocrx_word' id='word_1_20' title='bbox 566 810 654 873; x_wconf 82' lang='lat' dir='ltr'>decet,</span> <span class='ocrx_word' id='word_1_21' title='bbox 693 812 742 863; x_wconf 77' lang='grc'>260</span> <span class='ocrx_word' id='word_1_22' title='bbox 784 862 787 866; x_wconf 90' lang='grc'>.</span> 
     </span>
     <span class='ocr_line' id='line_1_5' title="bbox 52 877 510 942; baseline -0.009 -13"><span class='ocrx_word' id='word_1_23' title='bbox 52 893 114 929; x_wconf 85' lang='lat' dir='ltr'>cere</span> <span class='ocrx_word' id='word_1_24' title='bbox 127 880 214 926; x_wconf 87' lang='lat' dir='ltr'>victor</span> <span class='ocrx_word' id='word_1_25' title='bbox 224 877 336 938; x_wconf 86' lang='lat' dir='ltr'>debeat,</span> <span class='ocrx_word' id='word_1_26' title='bbox 348 879 435 927; x_wconf 78' lang='lat' dir='ltr'>victus</span> <span class='ocrx_word' id='word_1_27' title='bbox 447 880 510 942; x_wconf 80' lang='lat' dir='ltr'>pati.</span> 
     </span>
    </p>

    <p class='ocr_par' dir='ltr' id='par_1_4' title="bbox 52 948 501 1012">
     <span class='ocr_line' id='line_1_6' title="bbox 52 948 501 1012; baseline -0.004 -15"><span class='ocrx_word' id='word_1_28' title='bbox 52 963 69 997; x_wconf 85' lang='lat' dir='ltr'>a</span> <span class='ocrx_word' id='word_1_29' title='bbox 79 960 159 997; x_wconf 89' lang='lat' dir='ltr'>nemo</span> <span class='ocrx_word' id='word_1_30' title='bbox 169 948 284 1012; x_wconf 84' lang='lat' dir='ltr'>imperia</span> <span class='ocrx_word' id='word_1_31' title='bbox 298 948 432 996; x_wconf 84' lang='lat' dir='ltr'>continuit</span> <span class='ocrx_word' id='word_1_32' title='bbox 442 948 501 1007; x_wconf 84' lang='lat' dir='ltr'>diu3</span> 
     </span>
    </p>

    <p class='ocr_par' dir='ltr' id='par_1_5' title="bbox 52 1015 551 1082">
     <span class='ocr_line' id='line_1_7' title="bbox 52 1015 551 1082; baseline 0.004 -16"><span class='ocrx_word' id='word_1_33' title='bbox 52 1024 86 1066; x_wconf 71' lang='lat' dir='ltr'>ita</span> <span class='ocrx_word' id='word_1_34' title='bbox 98 1016 209 1077; x_wconf 82' lang='lat' dir='ltr'>durant3</span> <span class='ocrx_word' id='word_1_35' title='bbox 221 1031 327 1082; x_wconf 91' lang='lat' dir='ltr'>quoque</span> <span class='ocrx_word' id='word_1_36' title='bbox 339 1017 460 1066; x_wconf 84' lang='lat' dir='ltr'>Fortuna</span> <span class='ocrx_word' id='word_1_37' title='bbox 473 1015 551 1068; x_wconf 78' lang='lat' dir='ltr'>nitius</span> 
     </span>
    </p>

    <p class='ocr_par' dir='ltr' id='par_1_6' title="bbox 52 1083 426 1150">
     <span class='ocr_line' id='line_1_8' title="bbox 52 1083 426 1150; baseline -0.003 -14"><span class='ocrx_word' id='word_1_38' title='bbox 52 1102 83 1136; x_wconf 85' lang='lat' dir='ltr'>ac</span> <span class='ocrx_word' id='word_1_39' title='bbox 93 1084 192 1137; x_wconf 76' lang='lat' dir='ltr'>levarit</span> <span class='ocrx_word' id='word_1_40' title='bbox 203 1083 334 1135; x_wconf 74' lang='lat' dir='ltr'>hunuanus</span> <span class='ocrx_word' id='word_1_41' title='bbox 347 1100 426 1150; x_wconf 88' lang='lat' dir='ltr'>opes,</span> 
     </span>
    </p>

    <p class='ocr_par' dir='ltr' id='par_1_7' title="bbox 52 1154 742 1292">
     <span class='ocr_line' id='line_1_9' title="bbox 56 1154 742 1222; baseline 0.006 -18"><span class='ocrx_word' id='word_1_42' title='bbox 56 1157 142 1222; x_wconf 83' lang='lat' dir='ltr'>magis</span> <span class='ocrx_word' id='word_1_43' title='bbox 154 1155 321 1220; x_wconf 76' lang='lat' dir='ltr'>supprimere</span> <span class='ocrx_word' id='word_1_44' title='bbox 334 1154 440 1206; x_wconf 78' lang='lat' dir='ltr'>felicem</span> <span class='ocrx_word' id='word_1_45' title='bbox 452 1155 541 1215; x_wconf 83' lang='lat' dir='ltr'>decet,</span> <span class='ocrx_word' id='word_1_46' title='bbox 693 1158 742 1208; x_wconf 77' lang='lat'>265</span> 
     </span>
     <span class='ocr_line' id='line_1_10' title="bbox 52 1225 583 1292; baseline 0.004 -18"><span class='ocrx_word' id='word_1_47' title='bbox 52 1240 94 1292; x_wconf 74' lang='lat' dir='ltr'>pne</span> <span class='ocrx_word' id='word_1_48' title='bbox 106 1240 184 1274; x_wconf 84' lang='lat' dir='ltr'>casus</span> <span class='ocrx_word' id='word_1_49' title='bbox 195 1233 328 1283; x_wconf 87' lang='lat' dir='ltr'>tremere,</span> <span class='ocrx_word' id='word_1_50' title='bbox 340 1233 505 1275; x_wconf 77' lang='lat' dir='ltr'>metuentem</span> <span class='ocrx_word' id='word_1_51' title='bbox 517 1225 583 1276; x_wconf 84' lang='lat' dir='ltr'>deos</span> 
     </span>
    </p>

    <p class='ocr_par' dir='ltr' id='par_1_8' title="bbox 52 1292 577 1360">
     <span class='ocr_line' id='line_1_11' title="bbox 52 1292 577 1360; baseline 0.002 -17"><span class='ocrx_word' id='word_1_52' title='bbox 52 1313 58 1343; x_wconf 88' lang='grc' dir='ltr'>ι</span> <span class='ocrx_word' id='word_1_53' title='bbox 70 1292 202 1343; x_wconf 78' lang='lat' dir='ltr'>faventes.</span> <span class='ocrx_word' id='word_1_54' title='bbox 237 1294 339 1360; x_wconf 80' lang='lat' dir='ltr'>Magna</span> <span class='ocrx_word' id='word_1_55' title='bbox 349 1303 487 1344; x_wconf 87' lang='lat' dir='ltr'>momento</span> <span class='ocrx_word' id='word_1_56' title='bbox 501 1294 577 1344; x_wconf 87' lang='lat' dir='ltr'>obrui</span> 
     </span>
    </p>

    <p class='ocr_par' dir='ltr' id='par_1_9' title="bbox 52 1363 564 1414">
     <span class='ocr_line' id='line_1_12' title="bbox 52 1363 564 1414; baseline 0.004 -2"><span class='ocrx_word' id='word_1_57' title='bbox 52 1364 82 1413; x_wconf 88' lang='lat' dir='ltr'>do</span> <span class='ocrx_word' id='word_1_58' title='bbox 94 1363 184 1413; x_wconf 82' lang='lat' dir='ltr'>didici.</span> <span class='ocrx_word' id='word_1_59' title='bbox 212 1363 298 1412; x_wconf 74' lang='lat' dir='ltr'>&#39;froia</span> <span class='ocrx_word' id='word_1_60' title='bbox 309 1379 357 1413; x_wconf 83' lang='lat' dir='ltr'>nos</span> <span class='ocrx_word' id='word_1_61' title='bbox 368 1363 485 1412; x_wconf 83' lang='lat' dir='ltr'>tumidos</span> <span class='ocrx_word' id='word_1_62' title='bbox 496 1363 564 1414; x_wconf 80' lang='lat' dir='ltr'>facit</span> 
     </span>
    </p>

    <p class='ocr_par' dir='ltr' id='par_1_10' title="bbox 52 1429 620 1494">
     <span class='ocr_line' id='line_1_13' title="bbox 52 1429 620 1494; baseline 0.004 -12"><span class='ocrx_word' id='word_1_63' title='bbox 52 1450 59 1482; x_wconf 85' lang='grc' dir='ltr'>ι</span> <span class='ocrx_word' id='word_1_64' title='bbox 72 1448 104 1481; x_wconf 86' lang='lat' dir='ltr'>ae</span> <span class='ocrx_word' id='word_1_65' title='bbox 114 1431 242 1482; x_wconf 63' lang='lat' dir='ltr'>feroces?</span> <span class='ocrx_word' id='word_1_66' title='bbox 265 1432 373 1481; x_wconf 85' lang='lat' dir='ltr'>Stanrus</span> <span class='ocrx_word' id='word_1_67' title='bbox 385 1429 438 1481; x_wconf 85' lang='lat' dir='ltr'>hoc</span> <span class='ocrx_word' id='word_1_68' title='bbox 449 1432 537 1482; x_wconf 83' lang='lat' dir='ltr'>Danai</span> <span class='ocrx_word' id='word_1_69' title='bbox 548 1432 620 1494; x_wconf 88' lang='lat' dir='ltr'>loco,</span> 
     </span>
    </p>

    <p class='ocr_par' dir='ltr' id='par_1_11' title="bbox 52 1500 742 1636">
     <span class='ocr_line' id='line_1_14' title="bbox 52 1500 742 1568; baseline 0.003 -17"><span class='ocrx_word' id='word_1_70' title='bbox 52 1503 76 1551; x_wconf 86' lang='lat' dir='ltr'>iu</span> <span class='ocrx_word' id='word_1_71' title='bbox 88 1501 194 1551; x_wconf 82' lang='lat' dir='ltr'>recidit.</span> <span class='ocrx_word' id='word_1_72' title='bbox 230 1502 346 1561; x_wconf 80' lang='lat' dir='ltr'>Fateor,</span> <span class='ocrx_word' id='word_1_73' title='bbox 359 1500 502 1568; x_wconf 83' lang='lat' dir='ltr'>aliqnando</span> <span class='ocrx_word' id='word_1_74' title='bbox 515 1504 650 1568; x_wconf 84' lang='lat' dir='ltr'>impotens</span> <span class='ocrx_word' id='word_1_75' title='bbox 694 1505 742 1554; x_wconf 74' lang='grc'>210</span> 
     </span>
     <span class='ocr_line' id='line_1_15' title="bbox 52 1571 501 1636; baseline -0.002 -15"><span class='ocrx_word' id='word_1_76' title='bbox 52 1588 80 1621; x_wconf 83' lang='lat' dir='ltr'>ac</span> <span class='ocrx_word' id='word_1_77' title='bbox 93 1572 225 1636; x_wconf 80' lang='lat' dir='ltr'>superbus</span> <span class='ocrx_word' id='word_1_78' title='bbox 237 1571 317 1621; x_wconf 83' lang='lat' dir='ltr'>altius</span> <span class='ocrx_word' id='word_1_79' title='bbox 328 1580 428 1621; x_wconf 89' lang='lat' dir='ltr'>memet</span> <span class='ocrx_word' id='word_1_80' title='bbox 439 1571 501 1633; x_wconf 82' lang='lat' dir='ltr'>tuli3</span> 
     </span>
    </p>

    <p class='ocr_par' dir='ltr' id='par_1_12' title="bbox 52 1638 536 1708">
     <span class='ocr_line' id='line_1_16' title="bbox 52 1638 536 1708; baseline 0.002 -18"><span class='ocrx_word' id='word_1_81' title='bbox 52 1643 91 1707; x_wconf 83' lang='lat' dir='ltr'>git</span> <span class='ocrx_word' id='word_1_82' title='bbox 101 1640 161 1690; x_wconf 85' lang='lat' dir='ltr'>illos</span> <span class='ocrx_word' id='word_1_83' title='bbox 174 1643 283 1707; x_wconf 77' lang='lat' dir='ltr'>spiritus</span> <span class='ocrx_word' id='word_1_84' title='bbox 295 1638 375 1701; x_wconf 84' lang='lat' dir='ltr'>haee,</span> <span class='ocrx_word' id='word_1_85' title='bbox 391 1656 460 1708; x_wconf 85' lang='lat' dir='ltr'>quae</span> <span class='ocrx_word' id='word_1_86' title='bbox 471 1640 536 1691; x_wconf 80' lang='lat' dir='ltr'>dare</span> 
     </span>
    </p>

    <p class='ocr_par' dir='ltr' id='par_1_13' title="bbox 55 1708 508 1770">
     <span class='ocr_line' id='line_1_17' title="bbox 55 1708 508 1770; baseline 0 -10"><span class='ocrx_word' id='word_1_87' title='bbox 55 1718 82 1760; x_wconf 87' lang='lat' dir='ltr'>et</span> <span class='ocrx_word' id='word_1_88' title='bbox 94 1710 151 1767; x_wconf 81' lang='lat' dir='ltr'>aiii,</span> <span class='ocrx_word' id='word_1_89' title='bbox 165 1726 261 1770; x_wconf 77' lang='lat' dir='ltr'>causa,</span> <span class='ocrx_word' id='word_1_90' title='bbox 272 1710 411 1761; x_wconf 80' lang='lat' dir='ltr'>Fortunae</span> <span class='ocrx_word' id='word_1_91' title='bbox 423 1708 508 1760; x_wconf 78' lang='lat' dir='ltr'>feror.</span> 
     </span>
    </p>

    <p class='ocr_par' dir='ltr' id='par_1_14' title="bbox 52 1779 610 1845">
     <span class='ocr_line' id='line_1_18' title="bbox 52 1779 610 1845; baseline 0.002 -15"><span class='ocrx_word' id='word_1_92' title='bbox 52 1780 212 1845; x_wconf 80' lang='lat' dir='ltr'>superbum,</span> <span class='ocrx_word' id='word_1_93' title='bbox 224 1781 344 1840; x_wconf 77' lang='lat' dir='ltr'>Priame,</span> <span class='ocrx_word' id='word_1_94' title='bbox 357 1787 385 1829; x_wconf 91' lang='lat' dir='ltr'>tu</span> <span class='ocrx_word' id='word_1_95' title='bbox 397 1781 522 1831; x_wconf 86' lang='lat' dir='ltr'>timidum</span> <span class='ocrx_word' id='word_1_96' title='bbox 532 1779 610 1831; x_wconf 83' lang='lat' dir='ltr'>facis.</span> 
     </span>
    </p>

    <p class='ocr_par' dir='ltr' id='par_1_15' title="bbox 52 1848 743 1980">
     <span class='ocr_line' id='line_1_19' title="bbox 52 1848 743 1918; baseline 0.001 -20"><span class='ocrx_word' id='word_1_97' title='bbox 52 1864 75 1900; x_wconf 83' lang='lat' dir='ltr'>re</span> <span class='ocrx_word' id='word_1_98' title='bbox 87 1849 230 1916; x_wconf 77' lang='lat' dir='ltr'>quidquam</span> <span class='ocrx_word' id='word_1_99' title='bbox 242 1848 364 1916; x_wconf 65' lang='lat' dir='ltr'>eceptrn.</span> <span class='ocrx_word' id='word_1_100' title='bbox 376 1851 426 1900; x_wconf 84' lang='lat' dir='ltr'>nisi</span> <span class='ocrx_word' id='word_1_101' title='bbox 437 1865 507 1900; x_wconf 79' lang='lat' dir='ltr'>vano</span> <span class='ocrx_word' id='word_1_102' title='bbox 521 1859 612 1918; x_wconf 87' lang='lat' dir='ltr'>putem</span> <span class='ocrx_word' id='word_1_103' title='bbox 694 1852 743 1901; x_wconf 69' lang='lat'>275</span> 
     </span>
     <span class='ocr_line' id='line_1_20' title="bbox 52 1919 536 1980; baseline 0.002 -13"><span class='ocrx_word' id='word_1_104' title='bbox 52 1933 60 1968; x_wconf 76' lang='lat' dir='ltr'>e</span> <span class='ocrx_word' id='word_1_105' title='bbox 73 1927 174 1967; x_wconf 79' lang='lat' dir='ltr'>tectum</span> <span class='ocrx_word' id='word_1_106' title='bbox 187 1935 299 1980; x_wconf 85' lang='lat' dir='ltr'>nornen,</span> <span class='ocrx_word' id='word_1_107' title='bbox 311 1926 338 1969; x_wconf 88' lang='lat' dir='ltr'>et</span> <span class='ocrx_word' id='word_1_108' title='bbox 349 1919 418 1969; x_wconf 82' lang='lat' dir='ltr'>falso</span> <span class='ocrx_word' id='word_1_109' title='bbox 432 1935 536 1970; x_wconf 82' lang='lat' dir='ltr'>comam</span> 
     </span>
    </p>

    <p class='ocr_par' dir='ltr' id='par_1_16' title="bbox 54 1986 611 2055">
     <span class='ocr_line' id='line_1_21' title="bbox 54 1986 611 2055; baseline 0.004 -19"><span class='ocrx_word' id='word_1_110' title='bbox 54 1987 212 2037; x_wconf 64' lang='lat' dir='ltr'>decentem?</span> <span class='ocrx_word' id='word_1_111' title='bbox 234 1990 318 2039; x_wconf 71' lang='lat' dir='ltr'>Carus</span> <span class='ocrx_word' id='word_1_112' title='bbox 329 1986 397 2039; x_wconf 86' lang='lat' dir='ltr'>haec</span> <span class='ocrx_word' id='word_1_113' title='bbox 409 1991 497 2055; x_wconf 83' lang='lat' dir='ltr'>rapiat</span> <span class='ocrx_word' id='word_1_114' title='bbox 508 1988 611 2051; x_wconf 82' lang='lat' dir='ltr'>breris;</span> 
     </span>
    </p>

    <p class='ocr_par' dir='ltr' id='par_1_17' title="bbox 54 2056 590 2119">
     <span class='ocr_line' id='line_1_22' title="bbox 54 2056 590 2119; baseline 0 -13"><span class='ocrx_word' id='word_1_115' title='bbox 54 2056 88 2108; x_wconf 88' lang='lat' dir='ltr'>lle</span> <span class='ocrx_word' id='word_1_116' title='bbox 99 2056 191 2106; x_wconf 82' lang='lat' dir='ltr'>forsan</span> <span class='ocrx_word' id='word_1_117' title='bbox 204 2058 321 2119; x_wconf 77' lang='lat' dir='ltr'>ratibus,</span> <span class='ocrx_word' id='word_1_118' title='bbox 334 2067 381 2107; x_wconf 86' lang='lat' dir='ltr'>aut</span> <span class='ocrx_word' id='word_1_119' title='bbox 394 2059 470 2108; x_wconf 82' lang='lat' dir='ltr'>aruris</span> <span class='ocrx_word' id='word_1_120' title='bbox 482 2057 590 2107; x_wconf 87' lang='lat' dir='ltr'>decem·</span> 
     </span>
    </p>

    <p class='ocr_par' dir='ltr' id='par_1_18' title="bbox 52 2125 563 2178">
     <span class='ocr_line' id='line_1_23' title="bbox 52 2125 563 2178; baseline 0 -3"><span class='ocrx_word' id='word_1_121' title='bbox 52 2125 139 2175; x_wconf 72' lang='lat' dir='ltr'>unibus</span> <span class='ocrx_word' id='word_1_122' title='bbox 150 2126 272 2177; x_wconf 84' lang='lat' dir='ltr'>Fortuna</span> <span class='ocrx_word' id='word_1_123' title='bbox 283 2134 339 2178; x_wconf 87' lang='lat' dir='ltr'>tarn</span> <span class='ocrx_word' id='word_1_124' title='bbox 349 2128 423 2177; x_wconf 81' lang='lat' dir='ltr'>lenta</span> <span class='ocrx_word' id='word_1_125' title='bbox 433 2128 563 2176; x_wconf 89' lang='lat' dir='ltr'>imminet.</span> 
     </span>
    </p>

    <p class='ocr_par' dir='ltr' id='par_1_19' title="bbox 52 2194 812 2401">
     <span class='ocr_line' id='line_1_24' title="bbox 52 2194 745 2262; baseline -0.001 -17"><span class='ocrx_word' id='word_1_126' title='bbox 52 2211 78 2245; x_wconf 88' lang='lat' dir='ltr'>nr</span> <span class='ocrx_word' id='word_1_127' title='bbox 90 2194 199 2246; x_wconf 84' lang='lat' dir='ltr'>fatebor</span> <span class='ocrx_word' id='word_1_128' title='bbox 209 2200 290 2262; x_wconf 80' lang='lat' dir='ltr'>(paee</span> <span class='ocrx_word' id='word_1_129' title='bbox 301 2198 400 2246; x_wconf 80' lang='lat' dir='ltr'>dixisse</span> <span class='ocrx_word' id='word_1_130' title='bbox 412 2194 465 2245; x_wconf 86' lang='lat' dir='ltr'>hoc</span> <span class='ocrx_word' id='word_1_131' title='bbox 476 2204 524 2244; x_wconf 87' lang='lat' dir='ltr'>tua</span> <span class='ocrx_word' id='word_1_132' title='bbox 695 2200 745 2247; x_wconf 79' lang='lat'>280</span> 
     </span>
     <span class='ocr_line' id='line_1_25' title="bbox 54 2264 812 2332; baseline -0.001 -18"><span class='ocrx_word' id='word_1_133' title='bbox 54 2265 146 2325; x_wconf 78' lang='lat' dir='ltr'>telino,</span> <span class='ocrx_word' id='word_1_134' title='bbox 157 2265 249 2328; x_wconf 83' lang='lat' dir='ltr'>liceat)</span> <span class='ocrx_word' id='word_1_135' title='bbox 261 2266 351 2332; x_wconf 80' lang='lat' dir='ltr'>adfligi</span> <span class='ocrx_word' id='word_1_136' title='bbox 364 2264 488 2331; x_wconf 82' lang='lat' dir='ltr'>Phrygas</span> <span class='ocrx_word' id='word_1_137' title='bbox 811 2274 812 2279; x_wconf 76' lang='grc'>’</span> 
     </span>
     <span class='ocr_line' id='line_1_26' title="bbox 52 2333 496 2401; baseline -0.002 -18"><span class='ocrx_word' id='word_1_138' title='bbox 52 2350 77 2383; x_wconf 88' lang='lat' dir='ltr'>re</span> <span class='ocrx_word' id='word_1_139' title='bbox 89 2334 174 2397; x_wconf 88' lang='lat' dir='ltr'>roiui;</span> <span class='ocrx_word' id='word_1_140' title='bbox 186 2350 264 2387; x_wconf 88' lang='lat' dir='ltr'>ruere</span> <span class='ocrx_word' id='word_1_141' title='bbox 278 2343 304 2385; x_wconf 91' lang='lat' dir='ltr'>et</span> <span class='ocrx_word' id='word_1_142' title='bbox 315 2335 424 2401; x_wconf 82' lang='lat' dir='ltr'>aequari</span> <span class='ocrx_word' id='word_1_143' title='bbox 436 2333 496 2383; x_wconf 85' lang='lat' dir='ltr'>solo</span> 
     </span>
    </p>

    <p class='ocr_par' dir='ltr' id='par_1_20' title="bbox 52 2403 563 2472">
     <span class='ocr_line' id='line_1_27' title="bbox 52 2403 563 2472; baseline -0.006 -18"><span class='ocrx_word' id='word_1_144' title='bbox 52 2404 202 2454; x_wconf 74' lang='lat' dir='ltr'>arcuissent.</span> <span class='ocrx_word' id='word_1_145' title='bbox 239 2404 293 2455; x_wconf 86' lang='lat' dir='ltr'>Sed</span> <span class='ocrx_word' id='word_1_146' title='bbox 304 2406 361 2472; x_wconf 83' lang='lat' dir='ltr'>regi</span> <span class='ocrx_word' id='word_1_147' title='bbox 373 2403 457 2454; x_wconf 82' lang='lat' dir='ltr'>frenis</span> <span class='ocrx_word' id='word_1_148' title='bbox 469 2404 563 2470; x_wconf 89' lang='lat' dir='ltr'>nequit</span> 
     </span>
    </p>

    <p class='ocr_par' dir='ltr' id='par_1_21' title="bbox 56 2472 463 2535">
     <span class='ocr_line' id='line_1_28' title="bbox 56 2472 463 2535; baseline -0.005 -11"><span class='ocrx_word' id='word_1_149' title='bbox 56 2478 83 2524; x_wconf 87' lang='lat' dir='ltr'>et</span> <span class='ocrx_word' id='word_1_150' title='bbox 96 2473 192 2523; x_wconf 77' lang='lat' dir='ltr'>ardens</span> <span class='ocrx_word' id='word_1_151' title='bbox 204 2472 298 2535; x_wconf 76' lang='lat' dir='ltr'>hostis,</span> <span class='ocrx_word' id='word_1_152' title='bbox 310 2480 338 2524; x_wconf 90' lang='lat' dir='ltr'>et</span> <span class='ocrx_word' id='word_1_153' title='bbox 348 2473 463 2523; x_wconf 77' lang='lat' dir='ltr'>rictoria</span> 
     </span>
    </p>

    <p class='ocr_par' dir='ltr' id='par_1_22' title="bbox 52 2542 746 2677">
     <span class='ocr_line' id='line_1_29' title="bbox 52 2542 746 2611; baseline -0.006 -17"><span class='ocrx_word' id='word_1_154' title='bbox 52 2558 96 2594; x_wconf 78' lang='lat' dir='ltr'>esa</span> <span class='ocrx_word' id='word_1_155' title='bbox 107 2544 189 2593; x_wconf 87' lang='lat' dir='ltr'>nocti.</span> <span class='ocrx_word' id='word_1_156' title='bbox 209 2544 347 2611; x_wconf 76' lang='lat' dir='ltr'>Quidquid</span> <span class='ocrx_word' id='word_1_157' title='bbox 358 2543 497 2609; x_wconf 80' lang='lat' dir='ltr'>indignum</span> <span class='ocrx_word' id='word_1_158' title='bbox 509 2549 557 2592; x_wconf 84' lang='lat' dir='ltr'>aut</span> <span class='ocrx_word' id='word_1_159' title='bbox 567 2542 655 2595; x_wconf 85' lang='lat' dir='ltr'>ferum</span> <span class='ocrx_word' id='word_1_160' title='bbox 696 2542 746 2591; x_wconf 75' lang='lat'>285</span> 
     </span>
     <span class='ocr_line' id='line_1_30' title="bbox 52 2610 530 2677; baseline 0 -16"><span class='ocrx_word' id='word_1_161' title='bbox 52 2628 76 2661; x_wconf 90' lang='lat' dir='ltr'>m</span> <span class='ocrx_word' id='word_1_162' title='bbox 88 2612 172 2662; x_wconf 87' lang='lat' dir='ltr'>videri</span> <span class='ocrx_word' id='word_1_163' title='bbox 183 2614 287 2677; x_wconf 88' lang='lat' dir='ltr'>potnit,</span> <span class='ocrx_word' id='word_1_164' title='bbox 300 2610 352 2663; x_wconf 85' lang='lat' dir='ltr'>hoc</span> <span class='ocrx_word' id='word_1_165' title='bbox 365 2611 431 2663; x_wconf 77' lang='lat' dir='ltr'>feeit</span> <span class='ocrx_word' id='word_1_166' title='bbox 443 2612 530 2672; x_wconf 79' lang='lat' dir='ltr'>dolor,</span> 
     </span>
    </p>

    <p class='ocr_par' dir='ltr' id='par_1_23' title="bbox 52 2680 595 2749">
     <span class='ocr_line' id='line_1_31' title="bbox 52 2680 595 2749; baseline 0 -18"><span class='ocrx_word' id='word_1_167' title='bbox 52 2696 155 2748; x_wconf 81' lang='lat' dir='ltr'>aeque,</span> <span class='ocrx_word' id='word_1_168' title='bbox 167 2696 216 2747; x_wconf 91' lang='lat' dir='ltr'>per</span> <span class='ocrx_word' id='word_1_169' title='bbox 226 2699 291 2749; x_wconf 82' lang='lat' dir='ltr'>quas</span> <span class='ocrx_word' id='word_1_170' title='bbox 302 2684 360 2749; x_wconf 80' lang='lat' dir='ltr'>ipse</span> <span class='ocrx_word' id='word_1_171' title='bbox 371 2699 399 2732; x_wconf 80' lang='lat' dir='ltr'>se</span> <span class='ocrx_word' id='word_1_172' title='bbox 409 2683 499 2732; x_wconf 84' lang='lat' dir='ltr'>irritat</span> <span class='ocrx_word' id='word_1_173' title='bbox 509 2680 595 2744; x_wconf 79' lang='lat' dir='ltr'>furor,</span> 
     </span>
    </p>

    <p class='ocr_par' dir='ltr' id='par_1_24' title="bbox 52 2749 495 2817">
     <span class='ocr_line' id='line_1_32' title="bbox 52 2749 495 2817; baseline 0 -15"><span class='ocrx_word' id='word_1_174' title='bbox 52 2767 113 2817; x_wconf 75' lang='lat' dir='ltr'>tque</span> <span class='ocrx_word' id='word_1_175' title='bbox 126 2749 204 2812; x_wconf 69' lang='lat' dir='ltr'>sorix,</span> <span class='ocrx_word' id='word_1_176' title='bbox 217 2751 398 2803; x_wconf 79' lang='lat' dir='ltr'>cuinsinfecti</span> <span class='ocrx_word' id='word_1_177' title='bbox 413 2751 495 2802; x_wconf 80' lang='lat' dir='ltr'>semei</span> 
     </span>
    </p>

    <p class='ocr_par' dir='ltr' id='par_1_25' title="bbox 62 2820 605 2889">
     <span class='ocr_line' id='line_1_33' title="bbox 62 2820 605 2889; baseline 0 -19"><span class='ocrx_word' id='word_1_178' title='bbox 62 2820 145 2870; x_wconf 89' lang='lat' dir='ltr'>iibido</span> <span class='ocrx_word' id='word_1_179' title='bbox 156 2827 206 2872; x_wconf 79' lang='lat' dir='ltr'>ent.</span> <span class='ocrx_word' id='word_1_180' title='bbox 245 2822 378 2889; x_wconf 80' lang='lat' dir='ltr'>Quidquid</span> <span class='ocrx_word' id='word_1_181' title='bbox 390 2837 502 2872; x_wconf 80' lang='lat' dir='ltr'>eversae</span> <span class='ocrx_word' id='word_1_182' title='bbox 513 2826 605 2885; x_wconf 86' lang='lat' dir='ltr'>potest</span> 
     </span>
    </p>

    <p class='ocr_par' dir='ltr' id='par_1_26' title="bbox 52 2886 747 3101">
     <span class='ocr_line' id='line_1_34' title="bbox 52 2886 747 2951; baseline -0.007 -10"><span class='ocrx_word' id='word_1_183' title='bbox 52 2904 95 2941; x_wconf 78' lang='lat' dir='ltr'>sse</span> <span class='ocrx_word' id='word_1_184' title='bbox 107 2891 222 2951; x_wconf 81' lang='lat' dir='ltr'>Troiae,</span> <span class='ocrx_word' id='word_1_185' title='bbox 233 2898 355 2943; x_wconf 83' lang='lat' dir='ltr'>maneat:</span> <span class='ocrx_word' id='word_1_186' title='bbox 368 2897 493 2943; x_wconf 80' lang='lat' dir='ltr'>exactum</span> <span class='ocrx_word' id='word_1_187' title='bbox 505 2891 572 2939; x_wconf 78' lang='lat' dir='ltr'>satis</span> <span class='ocrx_word' id='word_1_188' title='bbox 697 2886 747 2938; x_wconf 80' lang='grc'>290</span> 
     </span>
     <span class='ocr_line' id='line_1_35' title="bbox 52 2957 673 3030; baseline -0.002 -22"><span class='ocrx_word' id='word_1_189' title='bbox 52 2975 99 3008; x_wconf 89' lang='lat' dir='ltr'>um</span> <span class='ocrx_word' id='word_1_190' title='bbox 113 2968 140 3008; x_wconf 84' lang='lat' dir='ltr'>et</span> <span class='ocrx_word' id='word_1_191' title='bbox 151 2960 222 3010; x_wconf 83' lang='lat' dir='ltr'>ultra</span> <span class='ocrx_word' id='word_1_192' title='bbox 233 2967 282 3012; x_wconf 74' lang='lat' dir='ltr'>est,</span> <span class='ocrx_word' id='word_1_193' title='bbox 318 2962 404 3030; x_wconf 81' lang='lat' dir='ltr'>Regia</span> <span class='ocrx_word' id='word_1_194' title='bbox 414 2967 445 3010; x_wconf 91' lang='lat' dir='ltr'>ut</span> <span class='ocrx_word' id='word_1_195' title='bbox 455 2961 533 3028; x_wconf 68' lang='lat' dir='ltr'>ringo</span> <span class='ocrx_word' id='word_1_196' title='bbox 545 2957 673 3019; x_wconf 70' lang='lat' dir='ltr'>occidat,</span> 
     </span>
     <span class='ocr_line' id='line_1_36' title="bbox 52 3028 584 3101; baseline 0.008 -23"><span class='ocrx_word' id='word_1_197' title='bbox 52 3043 118 3094; x_wconf 85' lang='lat' dir='ltr'>nque</span> <span class='ocrx_word' id='word_1_198' title='bbox 131 3028 228 3080; x_wconf 86' lang='lat' dir='ltr'>donum</span> <span class='ocrx_word' id='word_1_199' title='bbox 240 3031 319 3083; x_wconf 83' lang='lat' dir='ltr'>detur</span> <span class='ocrx_word' id='word_1_200' title='bbox 329 3040 359 3083; x_wconf 79' lang='lat' dir='ltr'>et</span> <span class='ocrx_word' id='word_1_201' title='bbox 371 3034 480 3085; x_wconf 80' lang='lat' dir='ltr'>cineres</span> <span class='ocrx_word' id='word_1_202' title='bbox 493 3032 584 3101; x_wconf 81' lang='lat' dir='ltr'>riget,</span> 
     </span>
    </p>
   </div>
   <div class='ocr_carea' id='block_1_3' title="bbox 52 3100 632 3230">
    <p class='ocr_par' dir='ltr' id='par_1_27' title="bbox 52 3100 632 3230">
     <span class='ocr_line' id='line_1_37' title="bbox 52 3100 632 3210; baseline 0.029 -70"><span class='ocrx_word' id='word_1_203' title='bbox 52 3102 176 3210; x_wconf 66' lang='lat' dir='ltr'>rusTsrtror</span> <span class='ocrx_word' id='word_1_204' title='bbox 188 3101 282 3154; x_wconf 78' lang='lat' dir='ltr'>caedis</span> <span class='ocrx_word' id='word_1_205' title='bbox 295 3109 324 3154; x_wconf 91' lang='lat' dir='ltr'>ut</span> <span class='ocrx_word' id='word_1_206' title='bbox 337 3102 484 3159; x_wconf 79' lang='lat' dir='ltr'>thalamos</span> <span class='ocrx_word' id='word_1_207' title='bbox 496 3100 632 3158; x_wconf 67' lang='lat' dir='ltr'>retenti</span> 
     </span>
     <span class='ocr_line' id='line_1_38' title="bbox 52 3176 558 3230; baseline 0.043 -21"><span class='ocrx_word' id='word_1_208' title='bbox 52 3176 61 3210; x_wconf 70' lang='grc'>’.</span> <span class='ocrx_word' id='word_1_209' title='bbox 109 3177 185 3217; x_wconf 72' lang='lat' dir='ltr'>nno.</span> <span class='ocrx_word' id='word_1_210' title='bbox 530 3177 558 3230; x_wconf 71' lang='lat' dir='ltr'>N</span> 
     </span>
    </p>
   </div>
   <div class='ocr_carea' id='block_1_4' title="bbox 0 0 893 3330">
    <p class='ocr_par' dir='ltr' id='par_1_28' title="bbox 0 0 893 3330">
     <span class='ocr_line' id='line_1_39' title="bbox 0 0 893 3330; baseline 0 0"><span class='ocrx_word' id='word_1_211' title='bbox 0 0 893 3330; x_wconf 95' lang='lat' dir='ltr'> </span> 
     </span>
    </p>
   </div>
  </div>
 </body>
</html>
