1920 3300
326 454 597 524 raaonnn‘ri.
810 474 860 527 ror

61 608 91 644 ac
100 591 278 644 maiestatem
290 589 391 640 iudicis
398 590 460 660 tuit
476 590 579 642 Rector
589 590 614 640 is
624 592 701 643 orbis
714 597 860 657 terrarum,

62 663 187 728 coelique
198 668 227 710 et
238 660 355 709 deorum
368 660 487 711 omnium
501 659 588 709 Deus:
610 674 627 709 a
637 676 690 726 quo
702 664 759 713 iata
771 665 860 714 nunri-

61 747 180 798 na,quae
193 728 305 795 singula
316 730 462 779 adoramus
474 735 503 779 et
514 728 640 792 colimus,
647 741 859 796 suspensasunt.

62 801 128 851 item
141 800 171 850 in
184 798 449 850 Exhortationibus:
472 798 540 858 Hie,
561 812 643 863 quum
658 801 748 864 prima
760 800 859 853 funda·

62 876 156 920 menta
167 868 250 919 molis
261 865 465 932 pulcherrimae
477 866 591 927 iaceret,
604 871 633 916 et
644 865 696 918 hoc
708 869 860 930 ordiretur,

60 954 114 1005 quo
127 953 219 1004 neque
230 937 321 987 nraius
333 936 481 1002 quidquam
494 935 686 999 nouitnatura‚
695 937 862 999 necmelins,

62 1015 93 1057 ut
110 1008 206 1058 omnia
221 1007 273 1056 sub
291 1004 407 1056 ducibus
423 1005 581 1066 saisirem,
604 1007 729 1071 quamuis
741 1007 800 1072 ipse
813 1023 862 1073 per

61 1083 153 1126 totum
165 1092 196 1127 se
208 1090 308 1141 corpus
320 1073 490 1133 intenderat,
513 1081 605 1125 tamen
624 1076 768 1126 ministros
781 1077 860 1144 regni

60 1146 104 1194 sui
118 1146 187 1195 deos
197 1145 305 1211 genuit.
325 1145 358 1193 Et
371 1158 452 1210 quam
467 1143 555 1193 multa
565 1143 622 1193 alia
637 1143 670 1195 de
682 1144 743 1196 Deo
756 1147 860 1196 nostris

59 1214 168 1264 similia
180 1213 292 1263 locutus
304 1210 362 1262 esti
375 1227 444 1278 quae
456 1227 528 1262 nunc
539 1211 649 1274 differo,
661 1213 733 1280 quod
746 1213 809 1266 aliis
821 1215 861 1266 lo·

58 1285 101 1335 cis
115 1283 317 1350 opportuniora
328 1288 404 1332 sunt.

113 1434 150 1484 Et
163 1439 205 1483 est
216 1432 287 1485 illud
306 1364 629 1501 verumqassuglrflunine
645 1434 672 1485 in
686 1432 862 1485 Exhortatio·

58 1503 141 1552 nibus
154 1501 285 1553 Senecam
298 1519 384 1572 supra
394 1506 490 1567 retuli,
511 1503 648 1557 Genuisse
664 1505 745 1569 regni
759 1505 801 1554 sui
814 1505 862 1554 mi·

58 1573 167 1624 nistros
178 1572 277 1624 Deum.
560 1609 564 1615 .

332 1641 435 1694 Eodem
446 1659 505 1711 cap.
521 1640 584 1696 1⁷11.

112 1726 194 1789 Quod
205 1724 319 1788 Seneca,
330 1728 373 1777 nir
385 1736 492 1789 acutus,
504 1733 532 1780 in
542 1727 792 1781 inhortationibus
803 1727 862 1777 orris

57 1795 140 1846 sitiit.
179 1795 248 1855 Nos,
269 1796 368 1861 inquit,
389 1797 500 1848 aliunde
517 1799 676 1864 pendemus.
713 1799 810 1863 itaque
825 1795 860 1846 ad

58 1866 182 1929 aliquem
195 1865 369 1929 respicimus,
380 1866 435 1926 cui,
447 1866 521 1933 quod
533 1876 576 1919 est
587 1869 720 1933 optimum
732 1867 759 1916 in
772 1864 862 1922 nobis,

58 1935 219 1985 debeamus.
256 1932 333 1984 Alius
344 1950 395 1985 nos
406 1935 508 1997 edrdit,
530 1936 602 1988 atius
615 1937 762 1988 instruxit:
785 1933 862 1985 Deus

58 2007 120 2070 ipse
131 2019 162 2054 se
173 2002 251 2055 fecit.

288 2071 417 2123 Eiusdem
428 2072 472 2123 tii.
484 2089 543 2140 erp.
554 2071 583 2126 X
590 2073 615 2125 V
614 2075 637 2128 1.

113 2157 176 2208 Non
194 2157 311 2223 iiiepide
327 2157 445 2219 Seneca,
466 2159 494 2209 in
512 2160 592 2210 iibris
607 2158 725 2210 Moraiis
742 2155 863 2223 philoso-

61 2224 156 2291 phiae:
179 2226 254 2286 Quid
266 2240 333 2291 ergo
345 2233 397 2288 est,
409 2227 511 2292 inquit,
528 2240 613 2293 quere
624 2227 696 2294 apud
708 2230 806 2292 poetas
817 2240 861 2276 sa·

61 2297 220 2345 incissirnns
237 2296 344 2360 iupiter
361 2295 476 2347 desierit
490 2297 592 2348 iiheros
614 2297 731 2349 tolieret
762 2297 860 2347 Utrum

62 2367 262 2430 sexagenarius
274 2365 362 2415 factus
375 2373 430 2424 est,
443 2373 472 2417 et
481 2366 524 2416 iiii
537 2367 580 2417 lex
594 2366 679 2432 Papia
689 2367 799 2418 fibulam
813 2367 862 2416 im·

63 2434 172 2499 posuit?
195 2449 230 2483 an
246 2435 406 2499 impetrarit
421 2436 463 2485 ius
474 2434 556 2486 triunr
570 2435 738 2488 liberorum?
758 2450 792 2486 an
803 2443 863 2486 ton·

63 2503 123 2554 dem
135 2502 180 2552 iili
193 2503 309 2553 venitin
323 2510 455 2565 mentem,
477 2506 517 2555 Ab
530 2505 587 2555 aiio
600 2515 758 2571 exspectes,
780 2504 864 2556 alteri

62 2572 135 2637 quoti
149 2571 270 2623 fecerisi
287 2580 316 2624 et
326 2573 413 2635 timet,
426 2574 534 2641 nequis
546 2576 599 2625 srbi
613 2574 709 2638 faciat,
721 2575 793 2642 quod
804 2574 863 2640 ipse.

62 2640 203 2693 Saturnoi

349 2708 409 2761 Lib.
422 2710 461 2763 11.
473 2727 530 2778 sap.
543 2712 581 2764 ΙΙ.

116 2794 205 2845 Recto
219 2794 308 2861 igitur·
318 2793 424 2847 Seneca
435 2801 462 2846 in
472 2797 553 2848 libris
564 2797 740 2849 Moraiibusr
751 2791 873 2844 Simoin·

63 2878 118 2924 cra,
129 2863 355 2929 imminuentem
368 2874 543 2921 reserantur:
555 2869 616 2923 iliis
627 2867 797 2938 supplicant
808 2879 890 2932 genn

61 2936 169 2996 posito:
186 2932 237 2978 ills
252 2931 382 3009 ndprant:
401 2935 463 2989 iilis
477 2953 533 3006 pm·
543 2950 639 2997 totunr
656 2941 795 2996 assident
809 2937 906 2996 niem,

51 2997 234 3043 autadstant:
248 2999 307 3046 rllrs
315 3003 422 3070 stipem
435 3008 566 3084 iaciunt,
593 3019 745 3073 victimas
759 3010 917 3069 caenum&
