<?xml version="1.0" encoding="UTF-8"?>
<!DOCTYPE html PUBLIC "-//W3C//DTD XHTML 1.0 Transitional//EN"
    "http://www.w3.org/TR/xhtml1/DTD/xhtml1-transitional.dtd">
<html xmlns="http://www.w3.org/1999/xhtml" xml:lang="en" lang="en">
 <head>
  <title>
</title>
<meta http-equiv="Content-Type" content="text/html;charset=utf-8" />
  <meta name='ocr-system' content='tesseract 3.04.00' />
  <meta name='ocr-capabilities' content='ocr_page ocr_carea ocr_par ocr_line ocrx_word'/>
</head>
<body>
  <div class='ocr_page' id='page_1' title='image "./lannaeisenecaep00senegoog_0175.png"; bbox 0 0 1920 3278; ppageno 0'>
   <div class='ocr_carea' id='block_1_1' title="bbox 134 108 860 189">
    <p class='ocr_par' dir='ltr' id='par_1_1' title="bbox 134 108 860 189">
     <span class='ocr_line' id='line_1_1' title="bbox 134 108 860 189; baseline 0.018 -30"><span class='ocrx_word' id='word_1_1' title='bbox 134 108 274 189; x_wconf 54' lang='lat' dir='ltr'>prun.</span> <span class='ocrx_word' id='word_1_2' title='bbox 293 110 564 174; x_wconf 70' lang='lat' dir='ltr'>cuiusnam.</span> <span class='ocrx_word' id='word_1_3' title='bbox 584 113 644 168; x_wconf 89' lang='lat' dir='ltr'>vu.</span> <span class='ocrx_word' id='word_1_4' title='bbox 662 115 748 171; x_wconf 80' lang='lat' dir='ltr'>car.</span> <span class='ocrx_word' id='word_1_5' title='bbox 763 117 789 170; x_wconf 81' lang='lat'>4.</span> <span class='ocrx_word' id='word_1_6' title='bbox 810 118 860 173; x_wconf 84' lang='lat' dir='ltr'>na</span> 
     </span>
    </p>
   </div>
   <div class='ocr_carea' id='block_1_2' title="bbox 124 229 860 305">
    <p class='ocr_par' dir='ltr' id='par_1_2' title="bbox 124 220 860 305">
     <span class='ocr_line' id='line_1_2' title="bbox 124 229 860 305; baseline 0.022 -31"><span class='ocrx_word' id='word_1_7' title='bbox 124 265 136 275; x_wconf 9' lang='grc' dir='ltr'>Α,</span> <span class='ocrx_word' id='word_1_8' title='bbox 154 229 201 291; x_wconf 89' lang='lat' dir='ltr'>sit,</span> <span class='ocrx_word' id='word_1_9' title='bbox 223 234 314 292; x_wconf 87' lang='lat' dir='ltr'>tonat,</span> <span class='ocrx_word' id='word_1_10' title='bbox 339 229 524 299; x_wconf 78' lang='lat' dir='ltr'>fulguratquc.</span> <span class='ocrx_word' id='word_1_11' title='bbox 560 232 590 284; x_wconf 87' lang='lat' dir='ltr'>Si</span> <span class='ocrx_word' id='word_1_12' title='bbox 610 233 730 288; x_wconf 84' lang='lat' dir='ltr'>Martem</span> <span class='ocrx_word' id='word_1_13' title='bbox 751 251 860 305; x_wconf 83' lang='lat' dir='ltr'>quoque</span> 
     </span>
    </p>
   </div>
   <div class='ocr_carea' id='block_1_3' title="bbox 17 297 933 2730">
    <p class='ocr_par' dir='ltr' id='par_1_3' title="bbox 127 297 868 374">
     <span class='ocr_line' id='line_1_3' title="bbox 127 297 868 374; baseline 0.009 -24"><span class='ocrx_word' id='word_1_14' title='bbox 127 299 283 350; x_wconf 77' lang='lat' dir='ltr'>cutientem</span> <span class='ocrx_word' id='word_1_15' title='bbox 305 297 400 360; x_wconf 83' lang='lat' dir='ltr'>habet,</span> <span class='ocrx_word' id='word_1_16' title='bbox 415 300 552 352; x_wconf 78' lang='lat' dir='ltr'><strong>fulminat.</strong></span> <span class='ocrx_word' id='word_1_17' title='bbox 589 300 868 374; x_wconf 55' lang='lat' dir='ltr'>Praetercafinquit,</span> 
     </span>
    </p>

    <p class='ocr_par' dir='ltr' id='par_1_4' title="bbox 124 367 860 439">
     <span class='ocr_line' id='line_1_4' title="bbox 124 367 860 439; baseline 0.01 -21"><span class='ocrx_word' id='word_1_18' title='bbox 124 392 126 411; x_wconf 82' lang='grc' dir='ltr'>ι</span> <span class='ocrx_word' id='word_1_19' title='bbox 156 367 304 419; x_wconf 85' lang='lat' dir='ltr'>materiam</span> <span class='ocrx_word' id='word_1_20' title='bbox 316 367 860 439; x_wconf 78' lang='lat' dir='ltr'>habentfulmina,alianrfulgurationes.</span> 
     </span>
    </p>

    <p class='ocr_par' dir='ltr' id='par_1_5' title="bbox 123 437 861 508">
     <span class='ocr_line' id='line_1_5' title="bbox 123 437 861 508; baseline 0.009 -21"><span class='ocrx_word' id='word_1_21' title='bbox 123 452 200 487; x_wconf 90' lang='lat' dir='ltr'>rum</span> <span class='ocrx_word' id='word_1_22' title='bbox 213 438 286 489; x_wconf 89' lang='lat' dir='ltr'>enim</span> <span class='ocrx_word' id='word_1_23' title='bbox 303 443 331 488; x_wconf 85' lang='lat' dir='ltr'>ct</span> <span class='ocrx_word' id='word_1_24' title='bbox 348 439 436 488; x_wconf 92' lang='lat' dir='ltr'>omnis</span> <span class='ocrx_word' id='word_1_25' title='bbox 453 437 559 487; x_wconf 84' lang='lat' dir='ltr'>humidi</span> <span class='ocrx_word' id='word_1_26' title='bbox 572 442 747 503; x_wconf 75' lang='lat' dir='ltr'>evaporatio,</span> <span class='ocrx_word' id='word_1_27' title='bbox 769 444 861 508; x_wconf 84' lang='lat' dir='ltr'>splen·</span> 
     </span>
    </p>

    <p class='ocr_par' dir='ltr' id='par_1_6' title="bbox 97 506 861 563">
     <span class='ocr_line' id='line_1_6' title="bbox 97 506 861 563; baseline 0.009 -7"><span class='ocrx_word' id='word_1_28' title='bbox 97 510 106 563; x_wconf 71' lang='lat' dir='ltr'>J</span> <span class='ocrx_word' id='word_1_29' title='bbox 118 522 142 557; x_wconf 53' lang='lat' dir='ltr'>«s</span> <span class='ocrx_word' id='word_1_30' title='bbox 153 512 264 557; x_wconf 89' lang='lat' dir='ltr'>tantum</span> <span class='ocrx_word' id='word_1_31' title='bbox 276 506 346 557; x_wconf 88' lang='lat' dir='ltr'>coeli</span> <span class='ocrx_word' id='word_1_32' title='bbox 358 511 428 556; x_wconf 90' lang='lat' dir='ltr'>citra</span> <span class='ocrx_word' id='word_1_33' title='bbox 444 508 529 556; x_wconf 90' lang='lat' dir='ltr'>ictum</span> <span class='ocrx_word' id='word_1_34' title='bbox 551 509 670 559; x_wconf 75' lang='lat' dir='ltr'>minaces</span> <span class='ocrx_word' id='word_1_35' title='bbox 687 516 790 560; x_wconf 85' lang='lat' dir='ltr'>moret:</span> <span class='ocrx_word' id='word_1_36' title='bbox 810 511 861 563; x_wconf 85' lang='lat' dir='ltr'>illa</span> 
     </span>
    </p>

    <p class='ocr_par' dir='ltr' id='par_1_7' title="bbox 85 574 862 641">
     <span class='ocr_line' id='line_1_7' title="bbox 85 574 862 641; baseline 0.001 -13"><span class='ocrx_word' id='word_1_37' title='bbox 85 578 155 628; x_wconf 82' lang='lat' dir='ltr'>tem</span> <span class='ocrx_word' id='word_1_38' title='bbox 165 575 285 626; x_wconf 86' lang='lat' dir='ltr'>calidior</span> <span class='ocrx_word' id='word_1_39' title='bbox 294 576 451 641; x_wconf 84' lang='lat' dir='ltr'>aicciorque</span> <span class='ocrx_word' id='word_1_40' title='bbox 467 580 605 626; x_wconf 88' lang='lat' dir='ltr'>terrarum</span> <span class='ocrx_word' id='word_1_41' title='bbox 629 574 786 639; x_wconf 75' lang='lat' dir='ltr'><strong>exhalatio,</strong></span> <span class='ocrx_word' id='word_1_42' title='bbox 807 577 862 629; x_wconf 80' lang='lat' dir='ltr'>ful·</span> 
     </span>
    </p>

    <p class='ocr_par' dir='ltr' id='par_1_8' title="bbox 53 643 859 711">
     <span class='ocr_line' id='line_1_8' title="bbox 77 643 859 711; baseline 0.005 -17.881"><span class='ocrx_word' id='word_1_43' title='bbox 77 669 78 683; x_wconf 54' lang='lat' dir='ltr'>r</span> <span class='ocrx_word' id='word_1_44' title='bbox 89 643 138 696; x_wconf 80' lang='lat' dir='ltr'>ina</span> <span class='ocrx_word' id='word_1_45' title='bbox 149 643 286 697; x_wconf 82' lang='lat' dir='ltr'>extundit.</span> <span class='ocrx_word' id='word_1_46' title='bbox 323 643 348 694; x_wconf 82' lang='lat'>3.</span> <span class='ocrx_word' id='word_1_47' title='bbox 368 643 478 694; x_wconf 81' lang='lat' dir='ltr'>Trabes</span> <span class='ocrx_word' id='word_1_48' title='bbox 488 658 552 695; x_wconf 83' lang='lat' dir='ltr'>vero</span> <span class='ocrx_word' id='word_1_49' title='bbox 565 650 593 695; x_wconf 90' lang='lat' dir='ltr'>et</span> <span class='ocrx_word' id='word_1_50' title='bbox 604 643 687 708; x_wconf 79' lang='lat' dir='ltr'>foces,</span> <span class='ocrx_word' id='word_1_51' title='bbox 699 659 771 711; x_wconf 84' lang='lat' dir='ltr'>quae</span> <span class='ocrx_word' id='word_1_52' title='bbox 783 647 859 698; x_wconf 92' lang='lat' dir='ltr'>nullo</span> 
     </span>
    </p>

    <p class='ocr_par' dir='ltr' id='par_1_9' title="bbox 60 711 860 783">
     <span class='ocr_line' id='line_1_9' title="bbox 60 711 860 783; baseline 0.003 -20"><span class='ocrx_word' id='word_1_53' title='bbox 60 711 68 743; x_wconf 56' lang='grc' dir='ltr'><em>Ψ</em></span> <span class='ocrx_word' id='word_1_54' title='bbox 78 713 118 763; x_wconf 90' lang='lat' dir='ltr'>lio</span> <span class='ocrx_word' id='word_1_55' title='bbox 128 714 205 764; x_wconf 85' lang='lat' dir='ltr'>inter</span> <span class='ocrx_word' id='word_1_56' title='bbox 218 728 247 764; x_wconf 85' lang='lat' dir='ltr'>ce</span> <span class='ocrx_word' id='word_1_57' title='bbox 267 726 348 778; x_wconf 87' lang='lat' dir='ltr'>quarn</span> <span class='ocrx_word' id='word_1_58' title='bbox 365 711 553 783; x_wconf 79' lang='lat' dir='ltr'>magnitudine</span> <span class='ocrx_word' id='word_1_59' title='bbox 567 713 687 775; x_wconf 86' lang='lat' dir='ltr'>distant,</span> <span class='ocrx_word' id='word_1_60' title='bbox 709 713 761 764; x_wconf 83' lang='lat' dir='ltr'>hoc</span> <span class='ocrx_word' id='word_1_61' title='bbox 777 714 860 766; x_wconf 91' lang='lat' dir='ltr'>modo</span> 
     </span>
    </p>

    <p class='ocr_par' dir='ltr' id='par_1_10' title="bbox 57 779 861 849">
     <span class='ocr_line' id='line_1_10' title="bbox 57 779 861 849; baseline 0.004 -19"><span class='ocrx_word' id='word_1_62' title='bbox 57 782 141 849; x_wconf 21' lang='lat' dir='ltr'>lgiiunt.</span> <span class='ocrx_word' id='word_1_63' title='bbox 171 781 261 842; x_wconf 78' lang='lat' dir='ltr'>Quum</span> <span class='ocrx_word' id='word_1_64' title='bbox 275 779 389 831; x_wconf 87' lang='lat' dir='ltr'>humida</span> <span class='ocrx_word' id='word_1_65' title='bbox 400 793 562 848; x_wconf 86' lang='lat' dir='ltr'>terrenaque</span> <span class='ocrx_word' id='word_1_66' title='bbox 573 781 600 830; x_wconf 93' lang='lat' dir='ltr'>in</span> <span class='ocrx_word' id='word_1_67' title='bbox 612 798 641 833; x_wconf 86' lang='lat' dir='ltr'>se</span> <span class='ocrx_word' id='word_1_68' title='bbox 651 782 751 848; x_wconf 78' lang='lat' dir='ltr'><strong>globus</strong></span> <span class='ocrx_word' id='word_1_69' title='bbox 761 782 861 849; x_wconf 88' lang='lat' dir='ltr'>aliquis</span> 
     </span>
    </p>

    <p class='ocr_par' dir='ltr' id='par_1_11' title="bbox 54 849 861 916">
     <span class='ocr_line' id='line_1_11' title="bbox 54 849 861 916; baseline 0.002 -15"><span class='ocrx_word' id='word_1_70' title='bbox 54 850 136 901; x_wconf 68' lang='lat' dir='ltr'>&#39;aeris</span> <span class='ocrx_word' id='word_1_71' title='bbox 156 849 268 914; x_wconf 81' lang='lat' dir='ltr'>clausit,</span> <span class='ocrx_word' id='word_1_72' title='bbox 289 864 370 915; x_wconf 85' lang='lat' dir='ltr'>quem</span> <span class='ocrx_word' id='word_1_73' title='bbox 392 851 527 901; x_wconf 87' lang='lat' dir='ltr'>turbinem</span> <span class='ocrx_word' id='word_1_74' title='bbox 544 849 676 911; x_wconf 79' lang='lat' dir='ltr'><strong>dicimus,</strong></span> <span class='ocrx_word' id='word_1_75' title='bbox 698 864 861 916; x_wconf 85' lang='lat' dir='ltr'>quacunque</span> 
     </span>
    </p>

    <p class='ocr_par' dir='ltr' id='par_1_12' title="bbox 17 918 862 989">
     <span class='ocr_line' id='line_1_12' title="bbox 17 918 862 989; baseline -0.001 -20"><span class='ocrx_word' id='word_1_76' title='bbox 17 969 29 989; x_wconf 40' lang='lat' dir='ltr'><em>f</em></span> <span class='ocrx_word' id='word_1_77' title='bbox 60 918 163 981; x_wconf 77' lang='lat' dir='ltr'>fertur,</span> <span class='ocrx_word' id='word_1_78' title='bbox 181 920 425 985; x_wconf 67' lang='lat' dir='ltr'>praebctspeciem</span> <span class='ocrx_word' id='word_1_79' title='bbox 437 919 508 985; x_wconf 80' lang='lat' dir='ltr'>ignis</span> <span class='ocrx_word' id='word_1_80' title='bbox 521 919 639 970; x_wconf 75' lang='lat' dir='ltr'><strong>extenti:</strong></span> <span class='ocrx_word' id='word_1_81' title='bbox 660 933 729 984; x_wconf 86' lang='lat' dir='ltr'>quae</span> <span class='ocrx_word' id='word_1_82' title='bbox 745 925 801 969; x_wconf 86' lang='lat' dir='ltr'>tam</span> <span class='ocrx_word' id='word_1_83' title='bbox 813 920 862 969; x_wconf 90' lang='lat' dir='ltr'>din</span> 
     </span>
    </p>

    <p class='ocr_par' dir='ltr' id='par_1_13' title="bbox 60 986 861 1122">
     <span class='ocr_line' id='line_1_13' title="bbox 61 986 861 1055; baseline 0 -18"><span class='ocrx_word' id='word_1_84' title='bbox 61 988 154 1049; x_wconf 88' lang='lat' dir='ltr'>durat,</span> <span class='ocrx_word' id='word_1_85' title='bbox 164 989 295 1054; x_wconf 80' lang='lat' dir='ltr'><strong>quamdiu</strong></span> <span class='ocrx_word' id='word_1_86' title='bbox 307 988 409 1037; x_wconf 87' lang='lat' dir='ltr'>mansit</span> <span class='ocrx_word' id='word_1_87' title='bbox 420 990 493 1038; x_wconf 76' lang='lat' dir='ltr'>adria</span> <span class='ocrx_word' id='word_1_88' title='bbox 504 987 555 1038; x_wconf 90' lang='lat' dir='ltr'>illa</span> <span class='ocrx_word' id='word_1_89' title='bbox 565 987 735 1055; x_wconf 74' lang='lat' dir='ltr'>complexio,</span> <span class='ocrx_word' id='word_1_90' title='bbox 756 986 861 1038; x_wconf 88' lang='lat' dir='ltr'>humidi</span> 
     </span>
     <span class='ocr_line' id='line_1_14' title="bbox 60 1055 596 1122; baseline 0 -15"><span class='ocrx_word' id='word_1_91' title='bbox 60 1059 138 1107; x_wconf 82' lang='lat' dir='ltr'>intra</span> <span class='ocrx_word' id='word_1_92' title='bbox 149 1071 179 1107; x_wconf 86' lang='lat' dir='ltr'>se</span> <span class='ocrx_word' id='word_1_93' title='bbox 190 1057 348 1122; x_wconf 83' lang='lat' dir='ltr'>terrenique</span> <span class='ocrx_word' id='word_1_94' title='bbox 360 1057 474 1107; x_wconf 88' lang='lat' dir='ltr'>multum</span> <span class='ocrx_word' id='word_1_95' title='bbox 486 1055 596 1108; x_wconf 82' lang='lat' dir='ltr'>vehens.</span> 
     </span>
    </p>

    <p class='ocr_par' dir='ltr' id='par_1_14' title="bbox 57 1124 933 2730">
     <span class='ocr_line' id='line_1_15' title="bbox 113 1124 898 1192; baseline -0.006 -14"><span class='ocrx_word' id='word_1_96' title='bbox 113 1126 147 1178; x_wconf 84' lang='lat' dir='ltr'>V.</span> <span class='ocrx_word' id='word_1_97' title='bbox 160 1125 196 1176; x_wconf 88' lang='lat' dir='ltr'>Ut</span> <span class='ocrx_word' id='word_1_98' title='bbox 206 1141 223 1177; x_wconf 90' lang='lat' dir='ltr'>a</span> <span class='ocrx_word' id='word_1_99' title='bbox 233 1127 370 1192; x_wconf 75' lang='lat' dir='ltr'>proximis</span> <span class='ocrx_word' id='word_1_100' title='bbox 380 1125 530 1176; x_wconf 81' lang='lat' dir='ltr'>mendaciis</span> <span class='ocrx_word' id='word_1_101' title='bbox 541 1125 679 1191; x_wconf 88' lang='lat' dir='ltr'>incipiam,</span> <span class='ocrx_word' id='word_1_102' title='bbox 701 1124 800 1175; x_wconf 79' lang='lat' dir='ltr'>falsum</span> <span class='ocrx_word' id='word_1_103' title='bbox 809 1132 862 1186; x_wconf 84' lang='lat' dir='ltr'>est,</span> <span class='ocrx_word' id='word_1_104' title='bbox 896 1130 898 1134; x_wconf 83' lang='lat'>&#39;</span> 
     </span>
     <span class='ocr_line' id='line_1_16' title="bbox 62 1193 862 1260; baseline -0.001 -14"><span class='ocrx_word' id='word_1_105' title='bbox 62 1195 140 1246; x_wconf 81' lang='lat' dir='ltr'>iaces</span> <span class='ocrx_word' id='word_1_106' title='bbox 151 1200 181 1245; x_wconf 88' lang='lat' dir='ltr'>et</span> <span class='ocrx_word' id='word_1_107' title='bbox 192 1196 283 1247; x_wconf 79' lang='lat' dir='ltr'>trabea</span> <span class='ocrx_word' id='word_1_108' title='bbox 299 1194 417 1260; x_wconf 81' lang='lat' dir='ltr'>exprimi</span> <span class='ocrx_word' id='word_1_109' title='bbox 430 1195 548 1246; x_wconf 85' lang='lat' dir='ltr'>turbine.</span> <span class='ocrx_word' id='word_1_110' title='bbox 583 1196 678 1246; x_wconf 82' lang='lat' dir='ltr'>Turbo</span> <span class='ocrx_word' id='word_1_111' title='bbox 697 1193 769 1245; x_wconf 90' lang='lat' dir='ltr'>enirn</span> <span class='ocrx_word' id='word_1_112' title='bbox 786 1193 862 1245; x_wconf 91' lang='lat' dir='ltr'>circa</span> 
     </span>
     <span class='ocr_line' id='line_1_17' title="bbox 62 1262 863 1331; baseline -0.005 -15"><span class='ocrx_word' id='word_1_113' title='bbox 62 1272 155 1316; x_wconf 84' lang='lat' dir='ltr'>terras</span> <span class='ocrx_word' id='word_1_114' title='bbox 168 1264 322 1331; x_wconf 87' lang='lat' dir='ltr'>concipitur</span> <span class='ocrx_word' id='word_1_115' title='bbox 334 1279 367 1314; x_wconf 90' lang='lat' dir='ltr'>ac</span> <span class='ocrx_word' id='word_1_116' title='bbox 378 1262 476 1315; x_wconf 78' lang='lat' dir='ltr'>fertur.</span> <span class='ocrx_word' id='word_1_117' title='bbox 512 1263 751 1330; x_wconf 86' lang='lat' dir='ltr'>ldcoquearbusta</span> <span class='ocrx_word' id='word_1_118' title='bbox 764 1262 863 1313; x_wconf 86' lang='lat' dir='ltr'>radici·</span> 
     </span>
     <span class='ocr_line' id='line_1_18' title="bbox 60 1332 862 1400; baseline -0.004 -15"><span class='ocrx_word' id='word_1_119' title='bbox 60 1343 108 1385; x_wconf 87' lang='lat' dir='ltr'>tus</span> <span class='ocrx_word' id='word_1_120' title='bbox 118 1332 205 1394; x_wconf 84' lang='lat' dir='ltr'>vellit,</span> <span class='ocrx_word' id='word_1_121' title='bbox 222 1340 250 1384; x_wconf 89' lang='lat' dir='ltr'>et</span> <span class='ocrx_word' id='word_1_122' title='bbox 261 1346 423 1400; x_wconf 84' lang='lat' dir='ltr'>quacunque</span> <span class='ocrx_word' id='word_1_123' title='bbox 434 1332 572 1394; x_wconf 86' lang='lat' dir='ltr'>incubuit,</span> <span class='ocrx_word' id='word_1_124' title='bbox 593 1333 682 1383; x_wconf 90' lang='lat' dir='ltr'>snlum</span> <span class='ocrx_word' id='word_1_125' title='bbox 696 1332 793 1383; x_wconf 85' lang='lat' dir='ltr'>nudat:</span> <span class='ocrx_word' id='word_1_126' title='bbox 814 1332 862 1382; x_wconf 88' lang='lat' dir='ltr'>sil·</span> 
     </span>
     <span class='ocr_line' id='line_1_19' title="bbox 62 1400 862 1467; baseline -0.004 -15"><span class='ocrx_word' id='word_1_127' title='bbox 62 1417 111 1452; x_wconf 87' lang='lat' dir='ltr'>ras</span> <span class='ocrx_word' id='word_1_128' title='bbox 122 1403 235 1453; x_wconf 87' lang='lat' dir='ltr'>interim</span> <span class='ocrx_word' id='word_1_129' title='bbox 246 1409 275 1453; x_wconf 87' lang='lat' dir='ltr'>et</span> <span class='ocrx_word' id='word_1_130' title='bbox 286 1401 531 1467; x_wconf 86' lang='lat' dir='ltr'>tectacorripiens,</span> <span class='ocrx_word' id='word_1_131' title='bbox 542 1400 724 1453; x_wconf 81' lang='lat' dir='ltr'>inferioricre</span> <span class='ocrx_word' id='word_1_132' title='bbox 732 1400 862 1460; x_wconf 84' lang='lat' dir='ltr'>nubibus,</span> 
     </span>
     <span class='ocr_line' id='line_1_20' title="bbox 63 1469 863 1536; baseline -0.001 -16"><span class='ocrx_word' id='word_1_133' title='bbox 63 1472 159 1535; x_wconf 88' lang='lat' dir='ltr'>utique</span> <span class='ocrx_word' id='word_1_134' title='bbox 181 1485 319 1536; x_wconf 89' lang='lat' dir='ltr'>nunquam</span> <span class='ocrx_word' id='word_1_135' title='bbox 342 1469 435 1521; x_wconf 84' lang='lat' dir='ltr'>altior.</span> <span class='ocrx_word' id='word_1_136' title='bbox 471 1472 506 1521; x_wconf 81' lang='lat' dir='ltr'>At</span> <span class='ocrx_word' id='word_1_137' title='bbox 526 1476 622 1523; x_wconf 87' lang='lat' dir='ltr'>contra</span> <span class='ocrx_word' id='word_1_138' title='bbox 643 1470 736 1522; x_wconf 87' lang='lat' dir='ltr'>trabes</span> <span class='ocrx_word' id='word_1_139' title='bbox 758 1469 863 1520; x_wconf 85' lang='lat' dir='ltr'>editior</span> 
     </span>
     <span class='ocr_line' id='line_1_21' title="bbox 63 1538 864 1605; baseline -0.004 -14"><span class='ocrx_word' id='word_1_140' title='bbox 63 1541 135 1591; x_wconf 85' lang='lat' dir='ltr'>cccli</span> <span class='ocrx_word' id='word_1_141' title='bbox 151 1553 214 1605; x_wconf 86' lang='lat' dir='ltr'>para</span> <span class='ocrx_word' id='word_1_142' title='bbox 230 1543 361 1591; x_wconf 79' lang='lat' dir='ltr'>ostentat</span> <span class='ocrx_word' id='word_1_143' title='bbox 399 1542 440 1590; x_wconf 92' lang='lat' dir='ltr'>lta</span> <span class='ocrx_word' id='word_1_144' title='bbox 461 1554 598 1605; x_wconf 90' lang='lat' dir='ltr'>nunquam</span> <span class='ocrx_word' id='word_1_145' title='bbox 614 1540 732 1591; x_wconf 90' lang='lat' dir='ltr'>nubibus</span> <span class='ocrx_word' id='word_1_146' title='bbox 750 1538 864 1588; x_wconf 83' lang='lat' dir='ltr'>obstite-</span> 
     </span>
     <span class='ocr_line' id='line_1_22' title="bbox 66 1607 863 1672; baseline -0.004 -15"><span class='ocrx_word' id='word_1_147' title='bbox 66 1616 138 1657; x_wconf 88' lang='lat' dir='ltr'>runt.</span> <span class='ocrx_word' id='word_1_148' title='bbox 184 1607 334 1660; x_wconf 82' lang='lat' dir='ltr'>Praeterea</span> <span class='ocrx_word' id='word_1_149' title='bbox 347 1610 428 1660; x_wconf 89' lang='lat' dir='ltr'>turbo</span> <span class='ocrx_word' id='word_1_150' title='bbox 442 1608 516 1658; x_wconf 91' lang='lat' dir='ltr'>omni</span> <span class='ocrx_word' id='word_1_151' title='bbox 529 1610 600 1660; x_wconf 89' lang='lat' dir='ltr'>nube</span> <span class='ocrx_word' id='word_1_152' title='bbox 611 1610 736 1659; x_wconf 86' lang='lat' dir='ltr'>velocior</span> <span class='ocrx_word' id='word_1_153' title='bbox 746 1607 863 1672; x_wconf 89' lang='lat' dir='ltr'>rapitur,</span> 
     </span>
     <span class='ocr_line' id='line_1_23' title="bbox 66 1674 849 1742; baseline -0.005 -15"><span class='ocrx_word' id='word_1_154' title='bbox 66 1677 132 1727; x_wconf 83' lang='lat' dir='ltr'>etin</span> <span class='ocrx_word' id='word_1_155' title='bbox 145 1678 240 1728; x_wconf 87' lang='lat' dir='ltr'>orbem</span> <span class='ocrx_word' id='word_1_156' title='bbox 252 1676 381 1727; x_wconf 82' lang='lat' dir='ltr'>vertitur.</span> <span class='ocrx_word' id='word_1_157' title='bbox 415 1676 441 1727; x_wconf 80' lang='lat'>2</span> <span class='ocrx_word' id='word_1_158' title='bbox 464 1675 552 1742; x_wconf 81' lang='lat' dir='ltr'>Super</span> <span class='ocrx_word' id='word_1_159' title='bbox 571 1680 626 1727; x_wconf 90' lang='lat' dir='ltr'>ista</span> <span class='ocrx_word' id='word_1_160' title='bbox 642 1677 777 1728; x_wconf 79' lang='lat' dir='ltr'>velociter</span> <span class='ocrx_word' id='word_1_161' title='bbox 787 1674 849 1725; x_wconf 83' lang='lat' dir='ltr'>desi</span> 
     </span>
     <span class='ocr_line' id='line_1_24' title="bbox 66 1738 862 1812; baseline -0.003 -17"><span class='ocrx_word' id='word_1_162' title='bbox 66 1747 117 1807; x_wconf 87' lang='lat' dir='ltr'>nit,</span> <span class='ocrx_word' id='word_1_163' title='bbox 138 1752 166 1796; x_wconf 81' lang='lat' dir='ltr'>et</span> <span class='ocrx_word' id='word_1_164' title='bbox 185 1746 246 1812; x_wconf 86' lang='lat' dir='ltr'>ipse</span> <span class='ocrx_word' id='word_1_165' title='bbox 261 1760 293 1796; x_wconf 84' lang='lat' dir='ltr'>ae</span> <span class='ocrx_word' id='word_1_166' title='bbox 307 1758 358 1794; x_wconf 91' lang='lat' dir='ltr'>sua</span> <span class='ocrx_word' id='word_1_167' title='bbox 377 1744 406 1794; x_wconf 80' lang='lat' dir='ltr'>ri</span> <span class='ocrx_word' id='word_1_168' title='bbox 421 1740 533 1811; x_wconf 74' lang='lat' dir='ltr'>rumpit!</span> <span class='ocrx_word' id='word_1_169' title='bbox 568 1747 675 1796; x_wconf 83' lang='lat' dir='ltr'>&#39;l&#39;rabes</span> <span class='ocrx_word' id='word_1_170' title='bbox 693 1738 786 1796; x_wconf 85' lang='lat' dir='ltr'>autem</span> <span class='ocrx_word' id='word_1_171' title='bbox 808 1756 862 1793; x_wconf 91' lang='lat' dir='ltr'>nnn</span> 
     </span>
     <span class='ocr_line' id='line_1_25' title="bbox 66 1813 863 1877; baseline -0.004 -13"><span class='ocrx_word' id='word_1_172' title='bbox 66 1820 258 1864; x_wconf 86' lang='lat' dir='ltr'>transcurrunt</span> <span class='ocrx_word' id='word_1_173' title='bbox 265 1850 273 1875; x_wconf 88' lang='lat'>,</span> <span class='ocrx_word' id='word_1_174' title='bbox 286 1827 338 1865; x_wconf 88' lang='lat' dir='ltr'>nec</span> <span class='ocrx_word' id='word_1_175' title='bbox 348 1814 564 1877; x_wconf 78' lang='lat' dir='ltr'>praetervolant,</span> <span class='ocrx_word' id='word_1_176' title='bbox 576 1820 607 1863; x_wconf 90' lang='lat' dir='ltr'>ut</span> <span class='ocrx_word' id='word_1_177' title='bbox 617 1813 707 1876; x_wconf 80' lang='lat' dir='ltr'>taces,</span> <span class='ocrx_word' id='word_1_178' title='bbox 727 1813 776 1864; x_wconf 88' lang='lat' dir='ltr'>sed</span> <span class='ocrx_word' id='word_1_179' title='bbox 789 1826 863 1863; x_wconf 87' lang='lat' dir='ltr'>conr·</span> 
     </span>
     <span class='ocr_line' id='line_1_26' title="bbox 66 1878 933 1947; baseline 0.001 -15"><span class='ocrx_word' id='word_1_180' title='bbox 66 1890 225 1944; x_wconf 86' lang='lat' dir='ltr'>morantur,</span> <span class='ocrx_word' id='word_1_181' title='bbox 245 1888 274 1934; x_wconf 90' lang='lat' dir='ltr'>et</span> <span class='ocrx_word' id='word_1_182' title='bbox 289 1883 319 1932; x_wconf 92' lang='lat' dir='ltr'>in</span> <span class='ocrx_word' id='word_1_183' title='bbox 331 1881 425 1933; x_wconf 86' lang='lat' dir='ltr'>cadom</span> <span class='ocrx_word' id='word_1_184' title='bbox 438 1890 517 1947; x_wconf 85' lang='lat' dir='ltr'>parte</span> <span class='ocrx_word' id='word_1_185' title='bbox 527 1883 600 1934; x_wconf 89' lang='lat' dir='ltr'>coeli</span> <span class='ocrx_word' id='word_1_186' title='bbox 611 1882 759 1934; x_wconf 84' lang='lat' dir='ltr'>collucent.</span> <span class='ocrx_word' id='word_1_187' title='bbox 796 1878 866 1933; x_wconf 85' lang='lat' dir='ltr'>cha·</span> <span class='ocrx_word' id='word_1_188' title='bbox 931 1943 933 1947; x_wconf 23' lang='grc' dir='ltr'>Ι</span> 
     </span>
     <span class='ocr_line' id='line_1_27' title="bbox 68 1950 866 2018; baseline 0 -18"><span class='ocrx_word' id='word_1_189' title='bbox 68 1950 207 2003; x_wconf 89' lang='lat' dir='ltr'>rimander</span> <span class='ocrx_word' id='word_1_190' title='bbox 219 1965 339 2018; x_wconf 88' lang='lat' dir='ltr'>quoque,</span> <span class='ocrx_word' id='word_1_191' title='bbox 351 1950 380 1999; x_wconf 92' lang='lat' dir='ltr'>iu</span> <span class='ocrx_word' id='word_1_192' title='bbox 391 1965 424 2001; x_wconf 90' lang='lat' dir='ltr'>eo</span> <span class='ocrx_word' id='word_1_193' title='bbox 435 1951 507 2002; x_wconf 91' lang='lat' dir='ltr'>libro</span> <span class='ocrx_word' id='word_1_194' title='bbox 520 1967 600 2018; x_wconf 88' lang='lat' dir='ltr'>quern</span> <span class='ocrx_word' id='word_1_195' title='bbox 613 1951 648 2004; x_wconf 86' lang='lat' dir='ltr'>dc</span> <span class='ocrx_word' id='word_1_196' title='bbox 660 1951 781 2004; x_wconf 85' lang='lat' dir='ltr'>Cometis</span> <span class='ocrx_word' id='word_1_197' title='bbox 792 1965 866 2002; x_wconf 91' lang='lat' dir='ltr'>com·</span> 
     </span>
     <span class='ocr_line' id='line_1_28' title="bbox 67 2020 867 2089; baseline -0.001 -20"><span class='ocrx_word' id='word_1_198' title='bbox 67 2023 169 2086; x_wconf 81' lang='lat' dir='ltr'>posuit,</span> <span class='ocrx_word' id='word_1_199' title='bbox 185 2022 240 2083; x_wconf 83' lang='lat' dir='ltr'>ait,</span> <span class='ocrx_word' id='word_1_200' title='bbox 261 2021 442 2084; x_wconf 77' lang='lat' dir='ltr'>Anaxagorae</span> <span class='ocrx_word' id='word_1_201' title='bbox 453 2021 541 2070; x_wconf 84' lang='lat' dir='ltr'>risum</span> <span class='ocrx_word' id='word_1_202' title='bbox 552 2021 658 2089; x_wconf 81' lang='lat' dir='ltr'>grande</span> <span class='ocrx_word' id='word_1_203' title='bbox 668 2020 867 2087; x_wconf 86' lang='lat' dir='ltr'>insolitumque</span> 
     </span>
     <span class='ocr_line' id='line_1_29' title="bbox 66 2088 868 2156; baseline -0.005 -15"><span class='ocrx_word' id='word_1_204' title='bbox 66 2089 145 2141; x_wconf 86' lang='lat' dir='ltr'>caclo</span> <span class='ocrx_word' id='word_1_205' title='bbox 158 2090 252 2140; x_wconf 89' lang='lat' dir='ltr'>lumen</span> <span class='ocrx_word' id='word_1_206' title='bbox 269 2088 459 2153; x_wconf 79' lang='lat' dir='ltr'>magnitudine</span> <span class='ocrx_word' id='word_1_207' title='bbox 478 2090 586 2156; x_wconf 86' lang='lat' dir='ltr'>amplae</span> <span class='ocrx_word' id='word_1_208' title='bbox 600 2090 707 2153; x_wconf 86' lang='lat' dir='ltr'>trabis,</span> <span class='ocrx_word' id='word_1_209' title='bbox 729 2096 758 2140; x_wconf 88' lang='lat' dir='ltr'>et</span> <span class='ocrx_word' id='word_1_210' title='bbox 772 2088 801 2139; x_wconf 94' lang='lat' dir='ltr'>id</span> <span class='ocrx_word' id='word_1_211' title='bbox 818 2102 868 2154; x_wconf 89' lang='lat' dir='ltr'>per</span> 
     </span>
     <span class='ocr_line' id='line_1_30' title="bbox 68 2155 866 2226; baseline -0.004 -19"><span class='ocrx_word' id='word_1_212' title='bbox 68 2158 172 2208; x_wconf 70' lang='lat' dir='ltr'>nultos</span> <span class='ocrx_word' id='word_1_213' title='bbox 194 2157 254 2208; x_wconf 87' lang='lat' dir='ltr'>dics</span> <span class='ocrx_word' id='word_1_214' title='bbox 275 2156 396 2208; x_wconf 81' lang='lat' dir='ltr'>fulsisse.</span> <span class='ocrx_word' id='word_1_215' title='bbox 433 2157 531 2209; x_wconf 79' lang='lat' dir='ltr'>&#39;falam</span> <span class='ocrx_word' id='word_1_216' title='bbox 555 2159 672 2226; x_wconf 83' lang='lat' dir='ltr'>effigiem</span> <span class='ocrx_word' id='word_1_217' title='bbox 694 2158 767 2224; x_wconf 74' lang='lat' dir='ltr'>ignis</span> <span class='ocrx_word' id='word_1_218' title='bbox 789 2155 866 2221; x_wconf 80' lang='lat' dir='ltr'>longi</span> 
     </span>
     <span class='ocr_line' id='line_1_31' title="bbox 68 2223 867 2293; baseline -0.006 -16"><span class='ocrx_word' id='word_1_219' title='bbox 68 2226 163 2290; x_wconf 78' lang='lat' dir='ltr'>iuime,</span> <span class='ocrx_word' id='word_1_220' title='bbox 175 2223 362 2279; x_wconf 79' lang='lat' dir='ltr'>Callisthenes</span> <span class='ocrx_word' id='word_1_221' title='bbox 374 2227 468 2287; x_wconf 90' lang='lat' dir='ltr'>tradit,</span> <span class='ocrx_word' id='word_1_222' title='bbox 487 2234 633 2293; x_wconf 86' lang='lat' dir='ltr'>antequam</span> <span class='ocrx_word' id='word_1_223' title='bbox 643 2228 730 2278; x_wconf 86' lang='lat' dir='ltr'>Burin</span> <span class='ocrx_word' id='word_1_224' title='bbox 748 2233 776 2277; x_wconf 89' lang='lat' dir='ltr'>et</span> <span class='ocrx_word' id='word_1_225' title='bbox 788 2224 867 2275; x_wconf 87' lang='lat' dir='ltr'>ileli-</span> 
     </span>
     <span class='ocr_line' id='line_1_32' title="bbox 68 2292 868 2358; baseline -0.014 -9"><span class='ocrx_word' id='word_1_226' title='bbox 68 2311 117 2349; x_wconf 82' lang='lat' dir='ltr'>cca</span> <span class='ocrx_word' id='word_1_227' title='bbox 128 2310 207 2348; x_wconf 83' lang='lat' dir='ltr'>mare</span> <span class='ocrx_word' id='word_1_228' title='bbox 218 2295 412 2347; x_wconf 81' lang='lat' dir='ltr'>absconderet.</span> <span class='ocrx_word' id='word_1_229' title='bbox 430 2294 628 2348; x_wconf 58' lang='lat' dir='ltr'>&amp;Aristoteles</span> <span class='ocrx_word' id='word_1_230' title='bbox 639 2298 749 2358; x_wconf 91' lang='lat' dir='ltr'>ait,non</span> <span class='ocrx_word' id='word_1_231' title='bbox 760 2292 868 2344; x_wconf 89' lang='lat' dir='ltr'>trabem</span> 
     </span>
     <span class='ocr_line' id='line_1_33' title="bbox 67 2361 869 2428; baseline -0.015 -10"><span class='ocrx_word' id='word_1_232' title='bbox 67 2366 153 2428; x_wconf 76' lang='lat' dir='ltr'>iliani,</span> <span class='ocrx_word' id='word_1_233' title='bbox 164 2364 214 2417; x_wconf 83' lang='lat' dir='ltr'>sed</span> <span class='ocrx_word' id='word_1_234' title='bbox 226 2366 371 2416; x_wconf 80' lang='lat' dir='ltr'>cometam</span> <span class='ocrx_word' id='word_1_235' title='bbox 382 2364 480 2416; x_wconf 80' lang='lat' dir='ltr'>fuisse:</span> <span class='ocrx_word' id='word_1_236' title='bbox 503 2372 623 2416; x_wconf 86' lang='lat' dir='ltr'>ceterum</span> <span class='ocrx_word' id='word_1_237' title='bbox 643 2367 679 2417; x_wconf 86' lang='lat' dir='ltr'>ab</span> <span class='ocrx_word' id='word_1_238' title='bbox 695 2361 807 2413; x_wconf 88' lang='lat' dir='ltr'>nimium</span> <span class='ocrx_word' id='word_1_239' title='bbox 824 2372 869 2407; x_wconf 86' lang='lat' dir='ltr'>ar·-</span> 
     </span>
     <span class='ocr_line' id='line_1_34' title="bbox 68 2424 880 2503; baseline -0.009 -17"><span class='ocrx_word' id='word_1_240' title='bbox 68 2433 163 2488; x_wconf 79' lang='lat' dir='ltr'>dorem</span> <span class='ocrx_word' id='word_1_241' title='bbox 176 2448 234 2484; x_wconf 90' lang='lat' dir='ltr'>non</span> <span class='ocrx_word' id='word_1_242' title='bbox 244 2434 407 2499; x_wconf 85' lang='lat' dir='ltr'>apparuisse</span> <span class='ocrx_word' id='word_1_243' title='bbox 417 2447 542 2499; x_wconf 84' lang='lat' dir='ltr'>sparsum</span> <span class='ocrx_word' id='word_1_244' title='bbox 552 2431 709 2503; x_wconf 74' lang='lat' dir='ltr'>ignemred</span> <span class='ocrx_word' id='word_1_245' title='bbox 721 2424 880 2500; x_wconf 81' lang='lat' dir='ltr'>proceden-</span> 
     </span>
     <span class='ocr_line' id='line_1_35' title="bbox 69 2501 893 2574; baseline 0 -19"><span class='ocrx_word' id='word_1_246' title='bbox 69 2510 243 2571; x_wconf 68' lang='lat' dir='ltr'>intempore,</span> <span class='ocrx_word' id='word_1_247' title='bbox 258 2515 339 2566; x_wconf 86' lang='lat' dir='ltr'>quum</span> <span class='ocrx_word' id='word_1_248' title='bbox 349 2501 403 2552; x_wconf 85' lang='lat' dir='ltr'>inm</span> <span class='ocrx_word' id='word_1_249' title='bbox 412 2505 501 2555; x_wconf 86' lang='lat' dir='ltr'>minus</span> <span class='ocrx_word' id='word_1_250' title='bbox 510 2503 657 2574; x_wconf 71' lang='lat' dir='ltr'>flagraret,</span> <span class='ocrx_word' id='word_1_251' title='bbox 680 2503 830 2562; x_wconf 84' lang='lat' dir='ltr'>redditam</span> <span class='ocrx_word' id='word_1_252' title='bbox 841 2519 893 2556; x_wconf 89' lang='lat' dir='ltr'>su·</span> 
     </span>
     <span class='ocr_line' id='line_1_36' title="bbox 69 2569 904 2652; baseline 0.008 -27"><span class='ocrx_word' id='word_1_253' title='bbox 69 2579 109 2629; x_wconf 72' lang='lat' dir='ltr'>sn&#39;</span> <span class='ocrx_word' id='word_1_254' title='bbox 120 2569 361 2625; x_wconf 76' lang='lat' dir='ltr'>cometaettacr&#39;em,</span> <span class='ocrx_word' id='word_1_255' title='bbox 390 2571 423 2620; x_wconf 89' lang='lat' dir='ltr'>ln</span> <span class='ocrx_word' id='word_1_256' title='bbox 434 2587 489 2638; x_wconf 80' lang='lat' dir='ltr'>quo</span> <span class='ocrx_word' id='word_1_257' title='bbox 501 2578 570 2646; x_wconf 79' lang='lat' dir='ltr'>igne</span> <span class='ocrx_word' id='word_1_258' title='bbox 583 2582 680 2637; x_wconf 88' lang='lat' dir='ltr'>multa</span> <span class='ocrx_word' id='word_1_259' title='bbox 691 2578 821 2652; x_wconf 88' lang='lat' dir='ltr'>quidem</span> <span class='ocrx_word' id='word_1_260' title='bbox 831 2576 904 2633; x_wconf 83' lang='lat' dir='ltr'>lue·</span> 
     </span>
     <span class='ocr_line' id='line_1_37' title="bbox 57 2639 919 2730; baseline 0.039 -53"><span class='ocrx_word' id='word_1_261' title='bbox 57 2639 208 2698; x_wconf 65' lang='lat' dir='ltr'>margar</span> <span class='ocrx_word' id='word_1_262' title='bbox 218 2641 471 2695; x_wconf 80' lang='lat' dir='ltr'>quaenotarentur:</span> <span class='ocrx_word' id='word_1_263' title='bbox 481 2647 561 2705; x_wconf 78' lang='lat' dir='ltr'>ninii</span> <span class='ocrx_word' id='word_1_264' title='bbox 571 2660 678 2714; x_wconf 82' lang='lat' dir='ltr'>tamen</span> <span class='ocrx_word' id='word_1_265' title='bbox 686 2655 805 2730; x_wconf 74' lang='lat' dir='ltr'>ningit,</span> <span class='ocrx_word' id='word_1_266' title='bbox 817 2666 919 2727; x_wconf 65' lang='lat' dir='ltr'>(piam</span> 
     </span>
    </p>
   </div>
   <div class='ocr_carea' id='block_1_4' title="bbox 3 2763 83 2833">
    <p class='ocr_par' dir='ltr' id='par_1_15' title="bbox 3 2763 83 2833">
     <span class='ocr_line' id='line_1_38' title="bbox 13 2763 60 2780; baseline 0.021 -1"><span class='ocrx_word' id='word_1_267' title='bbox 13 2764 21 2775; x_wconf 56' lang='lat' dir='ltr'>r</span> <span class='ocrx_word' id='word_1_268' title='bbox 53 2763 60 2780; x_wconf 64' lang='lat' dir='ltr'>e</span> 
     </span>
     <span class='ocr_line' id='line_1_39' title="bbox 3 2798 83 2833; baseline 0.025 -1"><span class='ocrx_word' id='word_1_269' title='bbox 3 2798 83 2833; x_wconf 40' lang='lat' dir='ltr'>isti?</span> 
     </span>
    </p>
   </div>
   <div class='ocr_carea' id='block_1_5' title="bbox 0 0 975 3278">
    <p class='ocr_par' dir='ltr' id='par_1_16' title="bbox 0 0 975 3278">
     <span class='ocr_line' id='line_1_40' title="bbox 0 0 975 3278; baseline 0 0"><span class='ocrx_word' id='word_1_270' title='bbox 0 0 975 3278; x_wconf 95' lang='lat' dir='ltr'> </span> 
     </span>
    </p>
   </div>
  </div>
 </body>
</html>
