1920 3278
131 416 287 521 neuun.
307 455 482 520 QUAEST.
501 456 581 509 um.
596 457 655 511 vn.
675 461 795 515 cres.
826 464 874 518 lor

73 586 117 629 tus
128 578 234 629 multas
245 576 320 630 uiris
330 583 424 644 portes
436 575 569 647 impellit,
592 583 721 636 cometes
733 583 760 634 in
772 598 826 632 uno
836 583 878 634 ln·

74 664 106 698 ro
117 654 248 714 apparet:
260 653 359 698 reulus
369 647 398 698 in
409 650 528 702 sublime
539 666 593 701 non
606 652 738 718 peruenit,
744 653 875 704 cometoe

71 723 165 768 sutem
173 717 306 778 uisuntur,
313 731 399 781 supra
409 731 491 782 quom
503 721 594 770 ventis
604 721 727 772 irelicet.
739 720 875 771 2.Truns·

67 787 94 836 tt
105 784 206 837 deinde
223 785 259 835 nd
270 784 349 845 illos,
369 801 437 852 quus
449 788 490 839 ait
501 788 647 841 certiorem
660 788 762 840 habere
777 788 872 840 stoliu-

68 870 129 904 ruru
140 854 275 920 speeiem,
286 853 333 919 qui
344 861 373 906 et
385 857 547 921 procedunt,
559 858 672 923 etsigns
683 862 872 923 praetereunt.

69 924 130 974 llos
143 923 185 974 nit
196 938 232 974 ex
243 923 342 974 iisdem
352 926 446 976 oensis
458 927 526 987 lieri,
545 926 644 992 quibus
659 926 734 986 illos,
751 939 819 990 quos
828 926 872 976 oi·

69 992 112 1042 nit
120 990 295 1043 humiliores.
309 993 484 1044 Hootnntum
493 995 638 1059 interesse,
650 995 723 1061 quoti
733 999 871 1043 terrorum

66 1058 267 1111 exhalationes
280 1060 368 1111 multo
379 1077 471 1113 seeum
483 1062 564 1113 arida
574 1063 704 1125 ferentes,
725 1062 869 1114 celsiorem
939 1104 942 1107 .

68 1136 166 1197 petant
178 1135 295 1194 portem,
303 1135 331 1180 et
342 1129 369 1179 in
377 1129 498 1182 editiora
504 1132 575 1183 coeli
581 1132 712 1198 aquilone
721 1130 869 1197 pelluntur.

69 1197 179 1249 Deinde
192 1202 216 1248 si
228 1197 294 1248 illos
307 1197 401 1264 nquilo
413 1200 632 1266 propellet-ebed
646 1201 788 1252 meridiem
799 1213 870 1249 sem·

68 1281 120 1332 per
130 1273 290 1334 regerentur,
310 1281 365 1331 quo
378 1275 474 1320 rentur
489 1267 533 1320 bic
543 1269 650 1320 nititur.
685 1268 711 1320 3.
731 1268 815 1333 Atqui
826 1281 870 1317 rs-

67 1339 109 1386 rie
121 1342 302 1395 concurrunt,
315 1336 364 1385 alii
376 1336 403 1386 in
415 1344 515 1398 ortum,
527 1339 574 1388 ulii
585 1338 611 1387 in
624 1352 761 1395 occasum,
774 1350 870 1386 omnes

20 1436 22 1440 .
68 1407 96 1454 in
109 1402 226 1455 ilerum:
247 1403 321 1469 quoti
338 1406 393 1455 iter
409 1420 462 1456 non
479 1406 559 1458 claret
575 1414 681 1458 ventus.
717 1403 825 1456 Deinde
845 1403 870 1454 si

67 1474 219 1538 aquilones
239 1473 304 1523 illos
321 1473 442 1539 impetus
463 1491 480 1525 a
496 1477 579 1526 terris
595 1476 624 1527 in
647 1475 734 1525 ultum
755 1473 870 1534 lernret,

68 1543 135 1593 aliis
148 1543 237 1592 uentis
247 1557 302 1592 nun
315 1543 600 1596 orirenturcometse.
637 1543 720 1609 Atqui
733 1543 869 1592 oriuntur.

124 1609 196 1661 Vlll.
214 1611 293 1661 illam
307 1625 378 1661 nunc
397 1613 534 1664 rationem
557 1616 629 1673 eius,
652 1615 779 1678 (utruque
796 1611 869 1663 einim

70 1681 182 1741 utitur,)
192 1678 364 1731 refellamus.
391 1681 530 1748 Quidquid
542 1680 644 1732 humidi
657 1681 783 1747 aridique
794 1687 871 1732 terre

71 1749 273 1816 efflaritquunr
284 1749 312 1799 in
324 1764 406 1801 unum
418 1751 484 1813 coit,
495 1752 556 1817 ipsu
568 1751 871 1816 discordiacorporum,

69 1819 201 1884 spiritum
214 1824 306 1869 verset
316 1818 344 1868 in
356 1821 503 1871 turbinem.
524 1822 602 1871 Tunc
612 1821 662 1872 illu
675 1820 717 1870 ris
730 1819 805 1870 venti
814 1818 869 1869 uir·

69 1887 229 1938 eumeuntis
235 1886 367 1954 quidquid
375 1889 486 1941 intrare
497 1889 714 1957 comprehendit,
726 1903 809 1938 cursu
820 1900 870 1937 suo

68 1955 210 2017 accendit,
222 1964 250 2008 et
259 1957 334 2008 levat
345 1957 373 2008 in
389 1959 490 2009 ultum:
501 1973 534 2008 nc
544 1965 601 2011 tom
614 1959 661 2010 diu
674 1963 770 2008 menet
780 1956 870 2023 splen·

71 2024 123 2077 dor
133 2025 206 2092 ignis
218 2027 353 2092 expressi,
365 2029 494 2092 quamdiu
507 2027 638 2080 elimenta
650 2026 802 2079 sufficiunt:
815 2026 872 2090 qui·

69 2095 121 2144 bur
134 2096 334 2156 desinentibus,
344 2102 373 2146 et
385 2096 443 2162 ipse
453 2095 582 2147 subsidit
616 2097 643 2147 2.
662 2098 717 2158 Qui
729 2094 782 2144 hoo
793 2094 871 2155 dicit,

72 2180 126 2214 non
138 2170 228 2225 notat,
239 2164 331 2230 qualis
341 2166 379 2215 sit
391 2165 530 2217 turbinum
545 2181 654 2224 cursus,
675 2170 704 2215 et
716 2161 807 2228 qualis
818 2163 871 2211 Co·

71 2241 219 2285 metarum.
255 2233 370 2284 illorum
387 2233 501 2301 rupidus
524 2249 556 2285 ae
576 2233 731 2293 violentus,
753 2230 871 2296 stipsis

73 2303 161 2353 nentis
176 2302 295 2352 citatior
315 2307 370 2353 est:
395 2304 572 2355 cometarum
593 2302 676 2354 lenis:
697 2300 801 2367 etqui,
822 2313 871 2366 per

71 2371 145 2424 dieto
163 2376 196 2422 et
214 2377 325 2422 noctem
346 2378 478 2438 quantum
509 2371 683 2432 transierint,
709 2369 871 2422 abscondet.

72 2439 178 2491 Deinde
191 2439 331 2490 turbinum
343 2448 435 2500 brutus
447 2455 531 2506 rugus
539 2447 585 2491 <est
597 2447 625 2491 et
637 2440 781 2499 disiectus,
793 2446 831 2500 et,
840 2444 881 2495 utv

71 2507 202 2560 Sallustii
215 2518 279 2560 utar
290 2508 384 2570 verbo,
400 2511 568 2561 verticosus:
590 2510 765 2562 ennetarunr
777 2513 872 2557 nutem

2 2631 3 2634 ,
72 2578 253 2645 compositus,
271 2584 301 2629 et
313 2576 480 2630 destinatum
493 2579 548 2630 iter
559 2593 687 2643 corpeus.¹
719 2576 790 2628 Num
812 2577 873 2641 quis

5 2710 6 2715 Ἰ
40 2690 42 2694 .
72 2655 197 2700 nostrum
210 2645 874 2712 c.·ederet,tutlunam‚autquinquesirlernrs·

5 2715 9 2719 ⁷
73 2718 205 2783 pirento,
217 2723 267 2768 sut
278 2717 390 2768 turbine
401 2716 506 2769 rotari!
524 2714 551 2767 3.
566 2715 637 2778 Non,
652 2720 771 2781 utputo.
801 2711 875 2770 iltru-

73 2786 118 2839 rel
138 2787 207 2854 quia
223 2801 279 2837 non
296 2793 340 2837 est
352 2785 407 2836 illis
419 2786 601 2852 perturbatus
617 2790 646 2836 et
660 2784 800 2851 impotens
814 2792 877 2830 eur·

0 2877 1 2886 2
70 2870 127 2908 ns.
162 2855 207 2908 Ad
219 2856 350 2906 Cornetus
360 2855 432 2906 illem
442 2852 651 2908 transferemus.
690 2853 756 2909 Non
764 2849 888 2906 conluto

73 2939 120 2978 ne
131 2925 298 2996 rumulmose
316 2927 390 2980 eamr,
412 2928 445 2970 ut
458 2923 562 2990 aliquis
579 2926 685 2981 credat
701 2927 776 2982 illos
792 2927 897 2982 causis

60 2987 224 3045 mmeritis
232 2988 491 3042 enumerantibus
501 2994 586 3061 pelli.
627 2998 757 3063 Deinde
774 3003 907 3063 etiamst
