1876 3300
146 475 180 528 30
325 475 359 527 L.
388 475 544 529 annau!
574 474 763 530 SENECAE

185 610 187 615 ·
206 581 327 632 iusserat
337 581 429 632 mundi
441 588 585 649 penetrare
596 580 722 632 fundum:

203 650 308 702 Deerat
318 648 371 702 hoc
381 652 468 703 aulum
480 666 592 703 numero
603 651 727 703 laborum
733 688 740 714 ,

185 719 189 728 '
203 720 315 773 Tertiae
326 736 418 789 regem
429 722 546 789 spoliare
557 722 648 772 sertis.

202 791 291 842 Auaun
302 798 344 843 ert
355 807 454 843 coecos
466 792 554 842 aditus
566 792 648 855 inire,

142 858 193 911 885
203 859 287 912 Ducit
297 861 331 912 ad
341 861 438 914 Manes
450 852 493 912 ria
504 877 557 929 qua
568 867 690 913 remotos

202 931 316 992 Tristia,
328 937 356 983 et
365 931 433 982 silva
444 932 596 983 meduenda
606 933 697 999 nigra,

203 997 258 1052 Sed
267 999 394 1067 frequens
405 1016 504 1068 magna
516 1003 664 1053 comitante
674 1002 763 1054 turba.

21 1136 25 1145 ἡ
114 1115 116 1119 .
203 1070 720 1138 Quantusinceditpopulueperurbee

200 1138 242 1191 Ad
253 1141 315 1191 novi
326 1139 404 1190 ludos
415 1140 510 1190 avidus
522 1140 635 1192 theatri:

140 1208 191 1259 840
203 1209 326 1271 Quantus
337 1209 433 1261 Eleum
444 1212 499 1260 ruit
508 1211 542 1261 ad
555 1212 722 1274 Tonantem,

202 1279 303 1347 Quinta
315 1296 376 1332 cum
387 1296 494 1331 sacrum
507 1281 647 1331 revocavit
657 1289 763 1345 aestum

202 1349 324 1414 Quanta,
336 1366 396 1402 cum
408 1350 505 1417 longae
516 1350 587 1401 redit
598 1348 666 1400 hora
676 1353 764 1412 nocti,

200 1420 330 1472 Crescere
342 1425 371 1471 et
380 1435 490 1470 coninua
503 1421 614 1486 cupiens
625 1422 733 1487 quietos

199 1489 284 1540 Lssrra
295 1487 439 1541 Phoebeos
450 1495 526 1541 tenet
537 1505 625 1557 aequa
636 1507 743 1553 currus,

138 1557 188 1609 845
200 1559 295 1609 'l'urba
305 1566 439 1610 secretam
453 1561 577 1611 Cererem
591 1558 762 1627 frequentat,

197 1628 235 1679 Et
246 1630 293 1680 citi
303 1630 383 1679 tectis
395 1637 544 1696 properant
555 1630 656 1682 relictis
751 1636 752 1639 ’

101 1739 105 1750 s
181 1719 186 1728 ·
197 1699 278 1750 Attici
291 1705 399 1750 noctem
413 1699 552 1752 celebrare
564 1708 686 1766 mystae:

198 1768 290 1821 Tanta
301 1784 349 1836 per
360 1784 472 1836 campos
485 1770 575 1838 egitur
585 1771 697 1822 silentes

198 1838 305 1903 Turba3
319 1854 382 1905 pars
395 1840 474 1890 tarda
485 1840 611 1907 gradiens
622 1844 735 1892 senecta

136 1907 188 1962 858
198 1909 311 1969 Tristis,
323 1914 352 1958 et
362 1909 443 1976 ionga
454 1911 631 1971 satiatarita3

195 1978 264 2030 Pars
276 1977 365 2029 adhue
377 1981 461 2031 eurrit
470 1978 590 2029 metieris
603 1981 671 2040 aevi,

94 2055 97 2061 '
112 2110 115 2115 ¹
195 2048 323 2117 Virginea
334 2049 451 2100 nundum
464 2047 590 2099 thaiamis
602 2050 726 2116 iugatae,

195 2117 231 2169 Et
243 2119 327 2172 comis
339 2120 456 2171 nondum
471 2120 565 2186 positis
577 2116 690 2186 ephebi,

194 2187 292 2239 Matris
303 2194 331 2240 et
341 2205 439 2241 nomen
452 2189 533 2240 modo
546 2189 643 2239 doctus
655 2187 752 2240 infans.

134 2256 184 2309 855
195 2258 246 2309 un
257 2258 350 2309 datum
362 2260 441 2323 eolis,
454 2261 540 2310 minua
552 2266 581 2309 ut
593 2260 732 2322 timerent,

195 2329 259 2396 igue
272 2328 394 2394 praelato
406 2330 527 2393 relevare
539 2338 655 2379 noctem.

195 2397 285 2448 Ceteri
296 2399 398 2448 redunt
409 2415 556 2466 peropaca
567 2400 672 2462 tristee3

194 2466 287 2528 uuam
299 2467 559 2530 catechuminus,
572 2475 679 2521 remota

192 2535 270 2587 Luce
282 2551 343 2587 cum
355 2549 475 2589 nroestus
487 2537 537 2588 sibi
549 2540 663 2607 quisque
674 2539 759 2590 sentit

131 2605 182 2655 880
193 2606 327 2656 Obrutum
340 2613 400 2657 tota
412 2613 494 2673 eaput
506 2623 566 2659 ease
577 2615 666 2660 terrac

192 2673 254 2727 Stat
265 2673 348 2727 chnue
359 2677 471 2728 densum
482 2678 664 2745 tenebraeque
676 2685 785 2746 terrum,

190 2746 228 2797 Et
238 2745 314 2797 colur
325 2748 413 2798 noctis
422 2750 521 2809 malua,
533 2763 565 2799 ac
575 2749 678 2799 silentia

191 2816 283 2870 Otium
294 2817 385 2866 mundi
396 2832 551 2884 vacuaeque
563 2818 656 2869 nubes.

185 2887 257 2945 Sera
269 2906 320 2944 noe
330 2887 379 2943 iiie
390 2885 494 2943 reierat
502 2887 640 2940 aeneetuet

112 2960 168 3016 865
181 2964 279 3021 Nemo
293 2964 327 3022 ad
340 2964 372 3020 id
385 2978 450 3020 cere
459 2956 791 3022 renimunuenuunuem,

178 3040 254 3096 Cum
268 3023 715 3120 eemeirenitmcteritreueru,
738 3115 739 3118 Ἴ
