1912 3338
128 545 354 597 HERCULES
385 543 587 596 ou'rnssos.
618 548 705 597 hel.
725 544 783 597 lll.¹
806 548 860 599 31⁹

47 654 70 703 A
80 666 123 701 me
133 652 194 716 ipsa
204 649 326 700 damnor.
362 649 465 716 Purget
476 646 525 699 has
537 648 634 699 Pluton
647 665 749 701 nsanus.

50 721 137 773 Stabo
149 726 212 769 ante
223 720 310 784 ripas,
321 720 463 769 immernor
475 715 577 778 Lethe,
588 724 659 780 treas,

50 793 87 842 Et
98 790 195 840 umbra
205 790 290 839 tristis
301 789 445 855 coniugem
458 789 592 853 excipiant
603 803 692 839 rneunr

50 860 106 911 Sed
117 867 161 920 tu,
171 860 302 925 nigrantis
313 872 398 926 regna
408 859 451 925 qui
463 863 575 923 torques
588 858 651 924 poli,
746 854 747 857 ’
764 857 766 863 ’

50 931 125 981 Para
135 926 268 978 laborem!
291 925 403 978 Scelera
413 941 483 993 quae
494 926 606 994 quisque
630 941 711 978 ausus
723 935 773 990 est,
807 930 862 981 oso

51 1000 105 1050 ttic
118 999 182 1049 sicit
193 1012 283 1060 error,
296 998 362 1047 luno
374 1013 428 1047 non
439 1010 507 1046 ausa
517 996 662 1047 Herculem
674 1003 716 1048 est

50 1070 165 1136 Eripere
176 1069 264 1117 terris.
300 1066 447 1117 Horridanr
459 1080 574 1133 poenam
587 1067 665 1131 para!

51 1134 181 1204 Sisyphia
192 1137 283 1187 cervix
296 1142 399 1196 cesset,
410 1139 438 1186 et
449 1141 559 1185 nostros
569 1136 637 1202 lapis

50 1205 177 1274 lmpellat
188 1204 324 1258 humeros.
359 1206 405 1256 Me
415 1219 500 1272 vagus
511 1204 600 1272 fugiat
609 1204 693 1267 latex,

49 1277 197 1344 Meamque
210 1274 293 1326 lellax
304 1274 377 1325 unda
386 1274 498 1336 deludat
509 1276 590 1325 sitim.

50 1339 142 1398 Merui
153 1360 249 1396 manus
261 1344 392 1411 praebere
403 1344 555 1395 turbinibus
566 1346 629 1407 tuis,

53 1416 239 1483 Quaecunque
250 1429 281 1466 re
301 1429 344 1465 ern
355 1411 517 1464 Thessalum
527 1421 654 1482 torques,
667 1414 741 1465 rota!

51 1485 175 1538 Effodiat
186 1484 280 1535 andus
310 1485 354 1534 inc
366 1491 393 1534 et
405 1482 467 1534 hinc
476 1482 568 1533 vultur
579 1484 669 1534 libras.

50 1556 142 1608 Vacet
153 1569 208 1605 una
216 1553 332 1605 Danais:
343 1551 394 1604 has
405 1568 457 1622 ego
468 1553 585 1619 explebo
597 1555 684 1604 vices:

50 1626 160 1679 Laxate
171 1623 277 1675 manes!
299 1623 400 1691 Recipe
410 1638 454 1674 me
465 1624 590 1674 comitem
602 1623 659 1684 tibi,

51 1693 188 1746 Phasiaca
200 1692 311 1745 coniux!
334 1695 411 1761 peior
421 1691 504 1755 haec,
515 1695 593 1760 peior
603 1700 651 1743 tuo

51 1764 174 1833 Utroque
185 1763 283 1815 (lextra
293 1770 335 1816 est
345 1763 461 1825 scelere,
472 1779 521 1815 seu
533 1769 620 1815 mater
630 1780 741 1827 nocens,

53 1833 109 1887 Seu
119 1835 179 1885 dire
189 1849 269 1885 soror
279 1849 317 1885 es.
348 1833 424 1885 Adde
435 1849 479 1885 rne
490 1839 618 1886 comitem
630 1833 693 1896 tuis,
809 1894 811 1899 ,

53 1901 183 1955 Threicia
193 1905 306 1964 coniux,
318 1901 479 1954 sceleribus!
503 1903 622 1954 Gnatam
632 1911 717 1967 trram,

53 1970 168 2025 Althaea
179 1979 282 2034 mater,
290 1972 395 2038 recipe!
417 1987 488 2021 nunc
500 1988 592 2023 rerarn
602 1978 678 2022 trrarn

52 2047 178 2112 Agnosce
189 2039 305 2107 prolem!
328 2040 400 2101 Quid
411 2045 503 2090 tamen
513 2047 619 2090 tantum
632 2056 726 2092 manus

52 2112 171 2165 Vestrae
184 2108 371 2161 abstulerunt!
381 2107 514 2166 ,Claudite
526 2110 649 2174 Elysium
661 2108 735 2172 mihi,

55 2183 241 2246 Quaecunque
252 2178 324 2230 fidae
336 2181 466 2246 coniuges
478 2180 595 2229 nemoris
606 2181 681 2230 sacri¹

52 2253 148 2302 Lucos
159 2246 271 2299 tenetis!
287 2246 322 2300 Si
334 2264 388 2317 qua
398 2249 529 2314 respersit
538 2263 634 2298 manus

52 2319 114 2371 Viri
125 2331 236 2380 cruore,
246 2333 299 2370 nec
308 2334 414 2370 mernor
425 2323 518 2370 castae
528 2317 597 2368 lacis

54 2390 158 2443 stricto
170 2395 285 2440 cruente
294 2388 386 2440 Belias
398 2388 472 2440 ferro
483 2389 572 2439 stetit:

53 2462 85 2513 ln
96 2475 140 2511 rne
152 2473 216 2510 sues
228 2467 361 2526 agnoscat
372 2466 401 2510 et
410 2458 504 2509 laudet
514 2473 618 2508 manus.

53 2532 84 2581 ln
96 2528 168 2581 hanc
178 2528 253 2579 abire
265 2530 409 2597 coniugum
420 2528 529 2579 turbans
541 2528 619 2590 libet3

56 2598 110 2652 Sed
121 2605 149 2651 et
160 2598 206 2650 illa
216 2598 305 2666 lugiet
315 2600 395 2650 turba
404 2604 462 2650 tarn
473 2596 546 2650 diras
554 2612 658 2648 manus

54 2666 624 2730 lnricteconiux,innocensanirnusnrihi,
809 2668 862 2720 96⁵

54 2738 178 2793 Scelesta
188 2754 284 2790 manus
295 2744 345 2791 est.
381 2737 456 2791 Proh
467 2741 545 2791 nimis
556 2754 631 2791 mens
644 2736 768 2790 credula!

53 2806 129 2861 Proh
140 2807 227 2862 Nesse
238 2808 335 2871 fallax,
347 2815 428 2878 atque
441 2808 562 2861 semiferi
574 2808 642 2859 doli!

55 2878 168 2932 Auferre
180 2880 292 2946 cupiens
303 2879 407 2947 pellici,
418 2881 505 2946 eripui
515 2878 589 2929 mihi.

54 2948 177 3012 Recede,
190 2950 286 3012 Titan,
297 2957 396 3018 toque,
407 2965 477 3018 quae
486 2949 586 3000 blanda
596 2955 674 3001 tenes

53 3018 665 3082 lnlucsmiseros,rita:carituraellercule
824 3013 888 3062 m

49 3088 245 3138 Luxrr'lr'siste
258 3097 306 3142 est.
346 3092 466 3164 uirgam
480 3091 675 3163 poenastibi,
848 3097 853 3105 “
925 3109 926 3112 ’
