1876 3300
243 450 483 505 raissius.
520 454 608 506 ACT.
640 455 674 507 V.
811 454 862 508 ,81

56 558 116 620 Da,
127 555 229 621 irater,
241 573 333 609 ensem
345 560 495 627 (sanguinis
506 560 619 610 multum
631 561 683 620 roei

56 627 150 679 Habet
160 626 230 692 illel:
242 627 316 680 ferro
326 628 418 680 liberis
431 628 571 680 detursia,
582 657 615 666 —
796 629 865 681 1015

55 697 181 765 Negatur
192 697 282 749 ensisi
299 698 418 750 Pectora
429 699 498 750 illiso
509 704 607 748 sonent

56 769 181 819 contusa
189 766 314 834 planctui
338 783 414 818 sun.
429 766 552 829 Sustine,
564 766 671 830 infelix,
683 784 805 822 manum:

56 837 208 889 Pareamus
219 837 330 889 umbris.
367 852 435 888 rur.
456 837 524 888 Tale
535 838 595 904 quis
606 837 673 888 sidit
683 838 778 890 nefasi

57 908 126 970 Quis
136 906 307 975 inhospitalis
319 909 434 960 Caucasi
446 922 540 974 rupem
552 922 677 974 asperam

56 975 219 1032 Heniochus
230 975 374 1029 habitans?-
392 979 484 1045 quisve
497 977 637 1043 Cecropiis
647 983 736 1029 metus
798 980 865 1031 1050

56 1048 154 1100 Terris
165 1045 347 1099 Procrustesi
369 1046 498 1107 Genitor,
510 1062 557 1109 en,
570 1054 650 1098 natos
661 1063 770 1115 prenso,

55 1117 228 1186 Premorque
241 1115 324 1168 natisl
347 1114 463 1167 Sceleris
473 1122 515 1167 est
531 1116 566 1166 ali
586 1118 628 1168 uis
639 1118 745 1170 modus.

57 1202 126 1240 aaa
146 1185 249 1238 Sceleri
260 1185 357 1238 modus
369 1185 497 1247 debetur,
510 1185 555 1236 ubi
568 1132 653 1238 dacius
664 1189 765 1252 scelus3

57 1256 136 1319 Non,
147 1256 193 1308 ubi
203 1271 330 1324 reponas.
349 1256 412 1307 Hoc
423 1270 531 1323 quoque
543 1258 670 1324 exignum
682 1264 724 1310 est
734 1257 807 1310 milri.
889 1294 892 1298 Α

57 1328 104 1379 Ea
114 1327 224 1379 vulnera
234 1329 294 1396 ipso
304 1327 463 1394 sanguinem
475 1325 591 1376 calidum
601 1327 628 1379 in
641 1335 688 1380 tua
800 1330 868 1380 1⁰55

58 1396 223 1449 Diffundere
234 1412 283 1448 ora
291 1395 371 1448 debui
382 1413 387 1446 :
400 1402 431 1447 ut
442 1397 588 1447 liventium

57 1467 175 1521 Biberes
187 1482 321 1519 cruorem.
340 1466 434 1519 Verba
444 1473 508 1517 sunt
518 1467 576 1518 irae
588 1467 666 1532 data,

57 1536 134 1592 nun
145 1552 278 1604 propero:
289 1537 364 1589 ierro
375 1536 488 1589 vulnera
498 1538 632 1604 impresso
644 1537 720 1603 dedi3

59 1607 154 1660 Cecidi
165 1607 200 1658 ad
212 1622 288 1670 aras3
301 1607 385 1661 caede
395 1609 488 1659 sotira
499 1605 577 1658 focos

57 1676 185 1741 Placarn',
198 1683 226 1729 et
238 1683 314 1729 artus
325 1693 441 1746 corpore
453 1679 578 1729 crastimo
591 1683 734 1746 amputans
800 1676 868 1729 1000

57 1749 91 1801 ln
103 1762 189 1816 parra
202 1749 292 1816 carpsi
302 1746 402 1812 frusta,
415 1755 443 1800 et
454 1746 523 1799 haec
534 1746 703 1800 serventibus

57 1819 187 1871 Demersi
198 1815 307 1882 ahenis;
318 1818 365 1870 illa
375 1817 454 1870 lentis
464 1819 572 1887 ignibus

58 1887 169 1941 stillare
180 1889 261 1954 iussi;
271 1888 394 1940 membra
404 1904 555 1956 nervosque
567 1887 670 1941 abscidi

57 1958 237 2020 virentibus,
249 1958 398 2027 gracilique
408 1960 540 2010 traiectas
551 1973 616 2012 reru

55 2029 166 2098 Magire
178 2027 262 2080 libras
271 2027 335 2092 ridi,
348 2035 376 2081 et
387 2029 496 2096 adgessi
506 2044 587 2079 manu
797 2028 864 2081 1001

55 2099 123 2155 Mes
131 2100 191 2167 ipse
201 2097 333 2151 flammas.
353 2100 451 2150 Omnia
461 2096 529 2151 haec
540 2098 636 2150 melius
647 2102 726 2166 pater

56 2170 169 2222 Fecisse
180 2168 283 2236 potuit3
295 2169 395 2222 cecidit
403 2169 540 2220 incassum
551 2168 642 2219 dolor:

56 2238 147 2292 Scidit
158 2253 207 2292 ore
219 2246 299 2291 natos
310 2240 407 2307 impio,
419 2236 468 2289 sed
479 2239 617 2300 nesciens,

57 2308 113 2363 Sed
123 2309 286 2362 nescientes.
306 2323 374 2361 rar.
394 2308 475 2359 Clusa
483 2308 620 2359 littoribus
631 2309 707 2377 ragis

58 2378 156 2431 Audite
168 2378 268 2431 marial
285 2395 334 2430 ros
346 2393 454 2448 quoque
466 2378 559 2430 audite
570 2375 623 2429 hoc
633 2377 733 2440 scelus,
799 2380 866 2433 1010

59 2452 176 2513 Quocun
197 2465 245 2511 ue,
256 2448 297 2512 di,
309 2447 338 2500 fu
359 2448 429 2500 'stisl
442 2448 549 2511 audite,
562 2446 656 2500 Inferi!

58 2520 172 2583 Audite,
210 2519 302 2571 errae!
348 2534 436 2589 osque
448 2520 585 2570 Tartarea
594 2520 684 2587 gravis

58 2593 93 2643 ist
104 2597 166 2642 atra
176 2590 263 2653 nube,
273 2588 386 2641 vocibus
396 2590 497 2641 nosnis
508 2588 589 2640 vaca!

59 2661 123 2713 Tibi
134 2676 194 2714 sum
204 2660 331 2721 relictus;
342 2658 402 2710 sola
411 2664 442 2710 tu
452 2659 579 2711 miserum
590 2659 674 2721 vides,

57 2734 101 2783 'l'u
113 2729 383 2799 quoquesineastris.
395 2727 469 2781 Vota
479 2744 533 2779 non
541 2725 785 2794 saciaminrproba:
797 2723 865 2776 1005

57 2802 112 2853 Pro
124 2815 169 2851 me
178 2797 399 2919 nihilprecabor:
409 2798 506 2867 ecquid
517 2800 571 2849 iam
585 2802 677 2865 potest

57 2869 113 2923 Pro
124 2885 169 2922 me
180 2885 240 2923 esse
277 2868 355 2919 robis
366 2874 431 2920 rota
440 2869 612 2938 prospicient
619 2882 696 2919 mea.

57 2942 114 3002 Tu,
126 2953 229 2990 summe
239 2938 424 3004 moliremur,
437 2939 586 2997 aetheriae
597 2947 706 3012 potens

48 3008 211 3056 nominator
219 3007 312 3071 aulae,
324 3010 450 3068 nubibus
463 3021 561 3069 totum
573 3011 712 3069 horridis

93 3068 171 3122 Suu,
194 3072 299 3129 raso.
710 3079 740 3137 F
