1920 3300
322 421 595 512 raaomumri.
806 459 859 511 aaa
936 514 942 526 ,

62 575 163 628 tribuit
174 572 203 624 in
217 580 332 626 aetates.
354 575 474 628 Primam
486 579 557 630 enim
570 577 639 629 dixit
650 574 796 632 infantiam
807 578 858 628 rub

61 661 125 713 rege
136 644 257 695 Romulo
270 646 363 704 fuisso,
381 661 397 695 a
410 660 462 711 quo
475 654 503 697 et
513 650 616 714 genita,
628 655 656 698 et
667 646 747 714 quasi
758 647 857 698 edura·

61 724 90 767 ta
101 716 140 766 ait
150 715 253 765 Runia:
265 713 364 765 deinde
376 716 525 780 pueritiam
537 719 586 768 auh
599 717 699 766 ceteris
709 716 832 782 regibus,
843 730 859 765 a

60 784 158 852 quibua
171 792 199 835 et
211 790 293 834 aucta
303 785 353 844 ait,
373 790 401 834 et
412 784 566 850 disciplinis
578 785 701 852 pluribus
711 786 861 838 institutis·

61 870 112 921 que
123 853 259 904 formata:
270 859 300 903 at
312 867 377 902 reru
390 854 541 918 Tarquinio
555 861 699 921 regnante,
711 869 792 920 quum
804 855 859 905 iam

60 922 140 991 quari
150 921 250 973 adulta
260 937 321 973 eme
335 923 486 987 coepisset,
496 924 639 975 servitium
650 937 704 973 non
716 925 821 980 tulisse.
832 931 861 973 et

58 995 165 1044 reiecto
176 993 310 1056 superbae
322 992 517 1043 dominationis
529 996 603 1060 iuga,
611 992 741 1043 maluisse
753 992 861 1058 legibue

58 1061 268 1127 obtemperare,
290 1075 370 1126 quam
384 1062 509 1128 regibus:
529 1076 667 1129 quumque
679 1068 753 1113 earet
764 1060 859 1112 adole·

33 1163 35 1170 ·
58 1130 168 1184 scentia
178 1130 237 1180 eiua
250 1131 303 1181 fine
317 1129 413 1180 Punici
425 1130 491 1181 belli
503 1131 660 1192 terminata,
672 1138 728 1182 tum
742 1129 860 1196 danique

59 1199 234 1251 confirmatis
252 1198 356 1250 viribus
372 1202 497 1265 coepisse
519 1201 705 1252 iuvenescere.
742 1198 860 1250 Sublata

58 1270 133 1323 enim
147 1266 324 1334 Carthagine,
346 1281 417 1334 quae
429 1274 484 1319 tam
495 1269 543 1320 diu
554 1268 664 1320 aemula
675 1268 784 1333 imperii
796 1268 860 1329 fuit,

58 1354 157 1390 manua
168 1352 234 1387 suaa
245 1337 274 1387 in
286 1343 376 1387 totum
388 1339 483 1389 orbem
495 1345 572 1389 terra
582 1338 705 1403 marique
721 1339 859 1402 porrexit:

57 1408 149 1460 riunee
159 1407 270 1473 regibus
282 1406 388 1466 eunctis
399 1415 427 1458 et
436 1408 595 1459 nationibus
608 1406 861 1473 imperioaubiuga·

57 1479 105 1537 tis,
130 1492 213 1543 quum
229 1476 286 1526 iani
301 1474 440 1526 beliorum
456 1477 574 1529 materia
589 1476 735 1538 deficeret,
756 1476 860 1526 viribus

58 1547 118 1597 auia
135 1546 207 1597 male
224 1552 367 1605 uteretur,
389 1546 487 1611 quibus
502 1562 532 1598 ae
544 1547 605 1611 ipra
616 1546 745 1597 coniecit.
782 1545 861 1596 Haeo

58 1616 115 1667 suit
128 1615 286 1682 primarius
299 1621 438 1676 teneatur,
449 1630 532 1681 quum
543 1615 623 1668 bellis
636 1615 763 1679 lacerata
774 1615 860 1665 uirili·

57 1687 125 1748 bus,
136 1692 220 1750 atque
232 1684 365 1734 intestino
379 1684 453 1735 malo
466 1699 568 1750 presan,
581 1699 676 1735 ruraur
688 1684 721 1736 ad
735 1686 859 1753 regimen

56 1753 211 1821 ningularis
226 1753 335 1818 imperii
351 1751 466 1814 recidit,
487 1755 566 1820 qnasi
582 1754 617 1805 ad
633 1754 750 1805 alteram
767 1753 858 1805 inian-

57 1825 126 1876 tiam
140 1823 276 1874 revoluta.
312 1821 420 1873 Auriana
431 1821 503 1873 eninr
516 1823 659 1885 libertate,
680 1838 759 1888 quam
771 1823 859 1873 Bruto

58 1893 130 1944 duce
142 1897 170 1945 et
184 1898 298 1943 auctore
309 1889 482 1951 defenderat,
503 1891 544 1942 ita
556 1893 708 1951 consenuit,
730 1903 860 1957 tauquam

57 1966 219 2013 austeriore
231 1974 261 2010 se
273 1960 334 2027 ipsa
346 1974 400 2011 nou
410 1960 861 2025 valeret,nisiadmininularegen·

59 2033 130 2082 tium
144 2033 289 2082 niteretur.

94 2114 129 2167 B.
141 2114 322 2183 Hieronymus
333 2114 459 2166 adrerum
471 2113 642 2166 landrianum
652 2114 719 2165 libra
728 2112 825 2179 prima.

115 2200 234 2252 Claudia
246 2201 323 2266 virgo
338 2199 472 2260 Vestalis,
484 2214 566 2267 quum
578 2199 605 2248 in
619 2199 802 2263 suspicionem
816 2214 860 2248 re·

62 2270 152 2320 nisset
170 2269 277 2335 stupri,
301 2276 328 2320 et
340 2269 518 2320 simulacrum
532 2268 628 2319 matris
641 2269 740 2320 idaeae
752 2268 779 2317 in
792 2267 862 2317 vado

62 2339 173 2390 Tiberis
185 2336 322 2398 haereret,
329 2336 363 2387 ad
375 2338 607 2406 comprobandam
615 2337 777 2403 pudicitiam
785 2352 861 2387 auam

63 2408 152 2459 fertur
175 2407 288 2476 cingulo
311 2406 425 2457 duxisse
445 2423 551 2468 narem,
570 2406 757 2472 quammulta
774 2406 863 2457 millia

63 2476 206 2528 huminum
219 2476 331 2527 trahere
349 2477 539 2544 nequiverant.
575 2475 677 2527 Meiiua
695 2484 802 2538 tamen,
824 2479 863 2524 in·

62 2553 121 2613 quit
134 2545 240 2596 Lucani
258 2553 356 2610 poetae
373 2553 504 2612 patruus,
525 2561 586 2596 cum
604 2547 654 2596 iiia
672 2553 745 2596 esset
762 2554 865 2601 actum,

62 2618 87 2666 ri
104 2620 157 2666 hoc
174 2614 249 2681 quod
267 2614 373 2675 evenit,
395 2622 585 2666 ornamentum
599 2616 690 2682 potius
702 2615 865 2680 exploratae

63 2685 164 2737 fuisset
176 2685 338 2751 pudicitiae,
349 2688 429 2752 quam
441 2684 542 2735 dubiae
555 2685 748 2750 patrocinium.

370 2769 472 2821 Eadem
483 2769 560 2822 libra.

115 2852 476 2920 Seripiemntiiriatateiar,
496 2860 527 2907 et
535 2852 717 2919 Plutarchua,
736 2860 769 2906 et
778 2853 880 2904 noster

66 2924 178 2981 Seneca,
187 2923 222 2970 de
230 2923 403 2973 niditl'mom'o
411 2924 510 2987 mim,
518 2943 553 2981 ex
564 2928 673 2996 quibus
688 2935 716 2984 et
729 2924 897 2997 superium

56 2989 181 3064 aaaaallq
189 2993 260 3044 suat,
272 2997 302 3038 at
310 2990 364 3040 iata
377 3008 450 3059 quae
458 3000 650 3058 subijcimufl,
670 3006 768 3060 Amor
781 3002 909 3058 iorrrao
