1920 3300
108 525 161 578 202
308 524 331 575 Ε
352 523 493 576 LlBlilS
514 525 705 580 SENECAE

108 652 137 694 et
147 658 228 710 quum
241 641 308 694 haec
320 652 465 710 tantopere
477 647 739 711 suspiciant,lobros
751 647 797 711 qni
809 647 859 698 illn
871 648 906 699 ie·

108 728 180 774 cero,
192 720 383 765 cointemnunt.

348 798 476 849 Eiusdem
487 798 532 849 lid
545 814 603 864 cop
615 797 664 851 W.

161 865 286 917 Merito'
280 865 367 933 igitur
379 870 461 917 etium
473 882 566 917 senum
579 868 730 919 stultitiam
743 866 850 920 Seneca
862 869 907 920 de·

108 916 190 986 ridet.
227 936 297 995 Non,
320 937 417 1001 inquit,
441 937 482 986 bns
498 939 731 1000 puetrsumus(ut
743 938 826 1004 vulgo
839 937 906 988 dier

109 1012 154 1054 tur
156 1003 233 1063 ,)sed
245 1019 364 1070 semper.
402 1002 504 1054 Verum
517 1004 587 1055 hoo
580 1013 703 1068 interest,
716 1006 789 1072 quod
803 1007 907 1057 nraiora
951 1045 953 1051 f

109 1073 301 1123 nosludimus.

444 1138 511 1207 Cap.
524 1140 576 1193 IX.

159 1225 279 1277 Melius
272 1224 359 1291 igitur
371 1223 486 1287 Seneca,
502 1225 621 1276 omnium
635 1224 792 1281 Stoicorum
806 1228 907 1279 acutis·

108 1297 203 1356 simus,
215 1295 261 1360 qni
274 1294 345 1344 vidit
357 1293 396 1344 nil
409 1294 484 1344 aliud
497 1294 698 1346 esseNatunam
701 1311 797 1378 ,quam
806 1298 905 1348 Deum.

109 1364 166 1413 Ere
148 1379 192 1431 go,
214 1364 314 1428 inquit,
336 1363 425 1414 Deum
437 1378 491 1413 non
504 1362 689 1424 laudabimus,
712 1366 754 1415 eui
768 1366 904 1416 naturalis

6 1444 12 1461 '
109 1440 151 1484 est
173 1432 277 1483 virtusl
299 1433 356 1484 Nee
376 1432 448 1482 enim
466 1431 540 1482 illam
558 1431 654 1482 didicit
670 1435 782 1484 exullo.
821 1437 906 1486 lntnno

108 1502 291 1553 laudabimus
328 1503 458 1563 Quamris
481 1502 553 1551 enim
571 1503 704 1552 naturalis
721 1502 831 1565 illisit,
853 1505 906 1555 sibi

108 1571 185 1622 illam
199 1571 285 1632 dedit,
297 1572 427 1637 quoniam
440 1570 517 1621 Deus
528 1569 587 1636 ipse
597 1569 704 1623 Nature
716 1580 767 1623 est.

314 1690 323 1704 ,
369 1652 429 1705 uit.
442 1651 496 1714 ΙΙΙ,
507 1667 564 1718 cap.
576 1649 638 1702 XV.

160 1722 264 1773 Eodem
277 1723 374 1774 duetus
386 1737 481 1773 errore
493 1720 610 1782 Seneca,
631 1723 705 1787 (quis
721 1722 794 1773 enim
810 1738 904 1775 veram

108 1791 179 1840 niam
197 1797 320 1852 teneret,
342 1799 453 1843 errante
470 1789 630 1852 Ciceronel)
654 1790 843 1858 Philosophia,
866 1795 906 1843 in·

109 1860 181 1925 quit,
202 1859 269 1910 nihil
281 1861 356 1911 aliud
370 1871 421 1920 est,
442 1874 521 1926 quam
535 1866 612 1910 recta
623 1860 732 1911 vivendi
746 1864 830 1913 ratio:
853 1864 906 1921 rel.

74 1933 76 1936 ’
108 1929 224 1981 honeste
235 1930 344 1982 vivendi
355 1930 483 1980 scientia:
506 1929 563 1987 nel,
585 1944 630 1978 ars
647 1936 723 1982 recte
736 1930 809 1981 niteo
821 1946 904 1997 agen·

109 1998 170 2049 dae.
207 1999 268 2050 Non
286 1998 452 2058 errabimus,
474 1998 497 2046 si
517 1997 677 2056 dixerimus,
699 1998 904 2066 philosophiam

109 2082 170 2118 esse
181 2068 271 2134 legem
283 2071 352 2120 bene
363 2066 532 2131 honesteque
545 2066 660 2117 vivendi.
700 2069 733 2119 lit
745 2070 791 2133 qui
803 2069 906 2121 dixerit

108 2137 186 2188 illam
199 2138 324 2206 regulam
336 2136 420 2200 vitae,
432 2150 510 2186 snum
524 2134 567 2186 illi
578 2150 677 2187 nornen
688 2137 853 2189 reddiderit.

450 2218 559 2272 Ibidem.

160 2290 234 2342 ldem
253 2288 359 2343 Seneca
375 2290 404 2341 in
421 2287 682 2341 Exhortationibuse
702 2285 844 2352 Plerique,
863 2287 904 2336 in·

108 2358 409 2425 quit,philosoplnorunr
422 2357 493 2409 tales
505 2363 614 2418 sunt,ut
624 2355 682 2406 sint
691 2356 790 2406 diserti
804 2357 830 2405 in
843 2371 905 2406 oon·

108 2428 205 2478 vicium
218 2442 306 2477 suum.
336 2427 412 2487 Quos
424 2427 447 2477 si
460 2426 556 2478 audias
569 2427 596 2477 in
609 2428 763 2484 avaritiam,
775 2428 802 2475 in
814 2425 905 2476 libidi-

108 2510 183 2556 nem,
205 2495 232 2545 in
244 2495 422 2546 ambitionem
458 2502 615 2557 morantes,
636 2493 819 2559 professionis
835 2494 905 2544 indi·

108 2564 179 2614 nium
201 2569 294 2630 putes:
317 2564 386 2616 adeo
404 2510 560 2615 reiundant
576 2564 602 2613 in
619 2562 694 2628 ipsos
711 2562 863 2613 maledicte
877 2565 904 2612 in

109 2633 246 2699 publicam
272 2633 365 2683 missa.
401 2633 478 2693 Quos
506 2649 559 2684 non
585 2632 669 2683 aliter
689 2632 793 2682 intueri
816 2631 906 2690 decet,

107 2717 187 2768 quam
200 2701 331 2764 medicos,
349 2717 464 2770 quorum
477 2701 553 2752 tituli
565 2699 688 2753 remedia
700 2699 812 2760 habent,
830 2699 906 2767 pyri·

108 2772 156 2823 des
168 2785 281 2824 venene

450 2836 560 2889 Ibidem.

148 2908 390 2994 Facietsapiens,
407 2905 579 2977 inquitidenn
593 2905 712 2970 Seneca,
734 2908 820 2958 etiam
833 2921 904 2972 quae

78 2981 437 3052 supramemoratum
453 2979 487 3036 td
499 2975 906 3035 maioratranthtuminneniat·

61 3053 288 3126 acerelioquet
299 3059 396 3119 bonon
411 3073 529 3129 mores,
550 3056 603 3115 ned
615 3044 877 3122 temporiaptah'u
893 3049 923 3093 en
