1920 3278
18 524 20 530 ,
115 469 277 526 NATUR.
297 470 471 534 QUAE'M.
488 475 568 526 Lm.
588 475 646 565 ΥΠ.
665 476 749 528 cni’.
763 475 804 531 lo.
826 477 876 531 mo

101 589 151 642 ex.
174 589 329 643 Praeterea
350 590 379 640 in
399 591 458 642 ulto
478 607 590 646 manere
607 610 661 646 nou
682 601 776 661 potest
797 596 873 662 ignis

65 659 179 711 turbine
190 659 306 720 illatus,
327 659 380 709 uisi
394 660 454 725 ipse
470 676 580 727 quoque
592 672 765 730 permaneret
781 666 872 717 turbu.

67 729 137 791 uuio
150 743 237 795 porro
250 736 307 779 tum
320 729 487 781 incredibile
499 738 551 791 est,
562 746 643 797 quum
655 732 683 782 in
694 734 803 784 turbine
815 733 874 784 ion·

85 800 128 850 'or
139 796 240 848 murat
257 797 360 863 Utique
377 804 469 848 motus
487 805 563 848 motu
582 801 723 850 contrario
735 802 872 852 vincitur:

84 869 150 918 abet
161 869 236 917 enim
253 881 332 918 suum
351 867 429 917 iocus
445 867 494 918 iile
510 867 693 933 vertiginem,
714 883 784 934 quoe
800 873 872 936 repit

68 935 187 999 coelum,

102 1005 255 1072 Sideraque
267 1004 326 1054 uita
337 1003 435 1067 trabit,
446 1004 579 1071 celerique
590 1005 723 1057 columine
734 1013 851 1071 torquet.

65 1075 102 1126 Et
115 1081 147 1124 ut
156 1072 205 1123 det
216 1075 256 1124 eis
267 1072 390 1138 aliquem
402 1073 623 1136 advocationem,
634 1075 707 1143 quod
719 1075 780 1126 fieri
794 1075 871 1126 nullo

68 1142 152 1195 modo
163 1148 271 1208 potest:
294 1142 361 1208 quid
373 1141 408 1194 de
419 1142 461 1192 tris
474 1143 597 1196 cometis
608 1143 726 1205 dicetur,
738 1145 786 1210 qui
797 1145 871 1195 sonis

67 1211 209 1264 mensibus
221 1211 428 1278 apparueruntt
459 1212 485 1262 2
507 1212 617 1264 Deinde
628 1214 682 1264 duo
694 1213 796 1265 debent
807 1228 870 1265 esse

66 1290 159 1333 motus
175 1280 273 1332 eodem
289 1280 370 1331 locor
395 1281 468 1332 niter
487 1281 536 1334 ilie
556 1283 668 1333 divinus
688 1288 716 1333 et
732 1280 869 1342 assiduos,

65 1366 147 1402 suum
158 1350 220 1401 sine
231 1349 438 1401 intermissione
451 1363 586 1417 peragens
599 1366 680 1417 opus:
701 1351 774 1402 ulter
783 1364 871 1400 novus

65 1428 93 1471 et
106 1434 215 1480 recens,
228 1425 256 1470 et
267 1417 379 1469 turbine
391 1419 496 1470 illatus.
533 1420 654 1472 Necesse
665 1426 707 1470 est
719 1433 786 1486 ergo
799 1417 871 1469 ulter

64 1489 149 1540 elteri
172 1487 374 1554 impedimento
395 1487 442 1540 sit.
479 1488 563 1556 Atqui
579 1489 686 1541 toneris
702 1489 752 1539 iliu
768 1489 870 1550 orbita,

64 1566 277 1623 ceterorumque
296 1571 328 1606 su
351 1571 381 1606 ru
391 1556 485 1607 lunum
497 1559 647 1608 meantium
659 1564 752 1609 motus
763 1558 869 1609 irrevo-

65 1627 166 1678 cabilis
190 1631 244 1676 est:
264 1641 316 1677 nec
331 1572 453 1678 incutiat
468 1640 593 1691 usquam,
613 1641 665 1678 nec
681 1627 800 1688 resistit,
819 1641 869 1677 nec

66 1697 115 1748 dut
133 1694 221 1745 ulium
244 1695 325 1746 nobis
345 1695 530 1761 suspicionem
550 1695 677 1747 obiectae
698 1698 750 1748 sibi
763 1711 866 1747 morue.

65 1764 89 1816 ³.
110 1764 209 1815 Fidem
232 1779 288 1814 non
308 1762 402 1827 babet,
421 1764 571 1825 turbinem,
591 1764 821 1818 violentissimum
840 1773 868 1815 ot

64 1833 340 1900 perturbatissimum
352 1833 528 1898 tempestatis
538 1847 634 1899 genus,
646 1835 673 1885 iu
681 1833 866 1887 mediocrine·

64 1919 126 1953 rum
139 1903 253 1954 ordines
266 1902 420 1966 pervenire,
432 1909 460 1953 et
470 1902 544 1953 inter
555 1902 691 1968 dispositu
697 1919 728 1957 uc
735 1901 868 1966 tranquil-

64 1971 218 2024 levorsum.
255 1969 409 2021 Credamus
420 1973 510 2038 ignem
523 1971 692 2024 circumuctu
705 1972 813 2023 turbiue
825 1984 868 2020 nc·

65 2041 154 2103 cendi,
168 2048 197 2092 et
209 2038 282 2090 buno
294 2041 440 2105 expulsum
451 2043 480 2090 in
492 2040 619 2102 sublime,
644 2042 778 2108 praebere
790 2041 868 2091 nobis

65 2111 223 2176 opinionem
235 2110 412 2175 speciemque
422 2109 525 2160 sideris
539 2110 624 2178 longi.
660 2113 705 2172 At,
723 2115 798 2175 puto,
808 2109 867 2162 tale

65 2195 125 2231 esse
137 2179 231 2240 debet,
242 2177 326 2245 quale
337 2184 380 2228 est
394 2177 423 2227 id
437 2177 508 2244 quod
523 2178 616 2246 ignem
629 2179 723 2230 efficit.
756 2177 866 2228 ⁴1.Tur·

64 2249 135 2300 binis
146 2255 241 2300 autem
253 2246 375 2297 rotunda
387 2246 475 2298 iacies
487 2254 538 2298 est.
574 2250 604 2299 ln
622 2246 719 2299 eodem
740 2245 811 2298 enim
824 2263 867 2300 ve·

64 2319 148 2386 stigio
161 2325 304 2377 versetur,
320 2321 349 2366 et
360 2315 506 2367 columnae
520 2316 602 2368 modu
614 2315 826 2384 circumagentis
837 2331 867 2370 se

65 2387 196 2439 volvitur.
232 2386 311 2452 Ergo
322 2385 415 2451 ignem
428 2399 536 2452 quoque
549 2387 595 2452 qui
608 2385 731 2438 inclusus
748 2393 805 2447 est,
828 2388 866 2437 si·

65 2457 157 2509 ruiiem
171 2469 234 2507 esee
246 2453 290 2505 mi
302 2459 421 2520 oportet.
457 2454 541 2520 Atqui
553 2455 653 2522 longus
665 2462 723 2518 est,
745 2463 774 2507 et
784 2455 868 2509 disie-

65 2534 132 2585 ctos,
142 2525 314 2590 minimeque
325 2523 425 2574 similis
437 2523 465 2573 in
477 2523 572 2573 orbern
585 2532 693 2576 coacto.

114 2595 163 2647 xi.
176 2593 331 2661 iipigersem
343 2592 540 2658 relinquamus,
553 2602 582 2644 et
592 2594 711 2644 otiorum
723 2592 869 2659 opiniones

64 2663 275 2731 persequemur.
312 2662 389 2723 Ques
410 2668 557 2726 antequem
574 2677 712 2728 exponere
728 2661 869 2726 incipiam,

65 2732 132 2785 iliud
144 2731 278 2799 inprimis
289 2730 518 2796 praesumendum
537 2737 593 2793 est,
614 2734 745 2782 cometus
766 2729 868 2778 nonin

65 2808 119 2854 stre
130 2807 214 2869 purte
225 2800 300 2853 coeii
312 2797 519 2865 adspici,necin
529 2799 662 2867 signifero
674 2803 781 2850 tontum
792 2796 874 2860 orbe,

65 2871 110 2923 sed
122 2879 181 2923 tum
194 2873 223 2920 in
235 2874 301 2921 ortu
314 2883 394 2933 quom
407 2868 437 2917 in
452 2883 564 2934 occasu,
584 2866 823 2943 frequentissime
837 2874 884 2924 tu·

66 2955 123 2992 m
139 2940 212 2988 111111
226 2935 468 3012 Sepeemerionem,
508 2938 615 2999 Formo
628 2948 674 3000 eis
692 2959 752 2998 non
764 2950 812 2999 est
821 2959 897 2999 uun.

48 3005 72 3051 Ζ
91 3002 225 3062 0111111111
239 3014 314 3050 1111111
330 3001 435 3057 Graeci
450 3007 628 3077 discrimino
641 3019 782 3078 feceriut
793 3034 911 3080 eurum
