1920 3300
158 470 182 521 E
204 469 321 524 LIBRIS
343 471 506 526 SENECAE
527 476 763 531 FRAGMENTA.
811 477 860 533 luo

110 657 181 710 Nam
194 658 325 709 intutum
337 591 514 723 iurarIEdAEi
525 664 572 713 ubi
585 680 696 717 necesse
707 672 758 728 est,
780 668 857 732 gnari

58 727 117 779 riro
140 743 238 794 parum
255 730 394 780 convenit.
430 732 467 782 Et
484 739 527 783 est
541 731 791 785 aSeneco·dictunr
804 735 857 787 ele·

57 805 165 863 gunter,
176 798 239 850 Non
252 805 434 865 patronorum
446 799 498 850 hoc
510 815 579 861 esse,
591 801 639 853 sed
652 807 774 854 testium.

187 884 298 936 Plinius
310 884 373 936 Nat.
386 884 461 936 Hist.
472 886 517 937 lii.
536 884 582 947 VI,
599 903 621 937 e.
632 884 730 938 XVII.

104 951 212 1004 Seneca
224 956 308 1005 etiam
320 952 393 1019 apud
407 968 456 1004 nos
467 962 576 1005 tentata
588 954 680 1006 lndiae
693 960 848 1006 commenta

54 1023 142 1081 tione,
163 1021 215 1072 LX
228 1037 324 1073 amnes
337 1022 396 1073 eins
407 1023 540 1087 prodidit,
555 1029 653 1090 gentes
665 1022 858 1090 duodeuiginti

54 1097 232 1157 centumque.
268 1091 324 1142 Par
335 1092 415 1141 labor
425 1092 463 1142 sit
475 1101 584 1144 oronites
596 1108 768 1144 enumerare.

318 1173 383 1241 Cup.
396 1175 475 1237 LIII,
487 1176 531 1227 lib.
544 1175 596 1228 IX.

105 1243 172 1295 Aeni
189 1244 307 1309 piscium
324 1246 531 1295 memorandum
547 1260 634 1310 nuper
645 1244 800 1309 exemplum
813 1258 857 1294 uc·

51 1311 187 1375 cepimus.
224 1312 405 1378 Pausilypum
428 1314 497 1364 villa
519 1321 561 1364 est
580 1313 760 1379 Campaniae,
783 1311 857 1362 haud

28 1409 31 1413 ·
48 1380 148 1445 procul
162 1380 289 1446 Neapoli.
322 1385 349 1432 ln
362 1397 394 1432 ea
406 1381 432 1431 in
445 1383 571 1434 Caesaris
583 1382 696 1448 piscinis
708 1381 857 1432 al'olliono

52 1449 143 1499 uenio
156 1453 311 1502 coniectum
326 1443 445 1516 piscem,
463 1454 667 1517 sexagesimum
680 1458 744 1515 post
756 1465 856 1500 annum

48 1520 211 1583 exspirasse
222 1520 322 1571 scribit
334 1522 460 1570 Annaeus
471 1520 599 1584 Seneca,
612 1520 718 1570 duobus
735 1519 797 1570 ullis
813 1533 858 1570 ae·

48 1587 180 1652 qualibus
192 1589 252 1639 eins
263 1605 297 1640 ex
311 1593 407 1640 eodem
420 1604 520 1655 genere
532 1588 857 1641 etianr'tuncriventibus.

203 1674 347 1726 Suetonius
362 1670 479 1736 Tiberio,
496 1691 555 1741 cap.
564 1672 706 1725 LXXIII.

101 1741 207 1799 Seneca
224 1758 287 1795 eum
302 1742 469 1805 (Tiberium)
486 1744 598 1805 scribit,
620 1743 763 1793 Intellecta
780 1741 856 1794 (lele-

47 1812 154 1874 ctione,
177 1819 315 1864 exeuntum
329 1813 469 1872 annulum,
487 1814 565 1878 quasi
578 1813 662 1864 alicui
676 1812 855 1873 traditurum,

49 1895 202 1948 parumper
212 1885 349 1948 tenuisse:
361 1882 424 1935 dein
438 1897 532 1933 rursus
545 1889 656 1947 aptasse
668 1880 766 1946 digito,
779 1887 832 1930 etc.

107 1965 141 2017 A.
155 1967 269 2028 Gellius,
280 1984 339 2035 cop.
352 1967 391 2029 II,
404 1967 447 2019 iil.
458 1964 528 2019 XII.
541 1965 620 2019 Noct.
631 1967 798 2018 Atticorum.

101 2033 212 2086 Senecs
228 2037 255 2086 ln
268 2036 314 2087 lib.
326 2037 412 2088 Xllll.
425 2036 614 2103 Epistularum
628 2034 774 2087 moralium
787 2047 855 2098 quas

49 2101 84 2151 ml
100 2102 243 2156 Lucilium
260 2106 431 2171 composuit,
451 2105 619 2157 deridiculos
635 2118 733 2155 versus
749 2102 782 2162 Q.
799 2103 854 2153 En·

49 2173 127 2222 nium
141 2172 178 2226 de
191 2171 325 2240 Cethego,
337 2175 452 2242 antiquo
464 2175 534 2238 viro,
548 2174 647 2226 iecisse
657 2170 708 2222 hos
721 2170 802 2222 dicit:

84 2268 118 2279 -
129 2271 162 2280 -
175 2242 273 2295 Dictus
284 2243 344 2294 ollis
373 2243 530 2311 epularibus
541 2244 611 2304 olim,

86 2309 141 2372 Qui
150 2319 209 2362 tum
220 2260 483 2376 visebantAoms'nen
504 2322 584 2380 atque
595 2325 689 2364 aenum
700 2308 855 2380 agitabunt,

84 2377 150 2430 Flos
162 2380 297 2433 delibutus
305 2383 401 2448 populi
410 2392 436 2434 et
448 2382 533 2432 sunrla
545 2383 669 2433 medulla.

52 2449 86 2497 lc
98 2447 199 2500 deinde
209 2450 309 2502 scribit
320 2451 353 2501 de
364 2451 464 2503 iisdem
476 2453 600 2502 versibus
614 2449 700 2501 verba
711 2447 790 2500 baec:
803 2447 853 2500 Ad·

50 2519 136 2567 nriror
147 2518 393 2585 eloquentissimos
406 2522 494 2582 siros,
516 2527 545 2572 et
556 2519 665 2571 deditos
677 2520 780 2580 Ennio,
803 2530 852 2582 pro

50 2586 165 2651 optimis
180 2588 301 2639 ridicula
313 2588 452 2640 laudasse.
482 2589 580 2640 Cicero
595 2595 669 2639 certe
680 2588 755 2638 inter
764 2586 849 2637 bonos

49 2655 107 2706 eius
124 2671 225 2707 versus
241 2663 270 2709 et
288 2656 339 2707 bos
356 2657 453 2710 refert.
489 2659 579 2724 Atque
592 2657 618 2707 isl
632 2657 716 2708 etium
728 2657 762 2706 (le
775 2655 850 2705 Cice·

49 2737 113 2775 rone
124 2724 205 2776 (licit.
242 2723 304 2778 Non
317 2728 410 2789 miror,
422 2727 526 2791 inquit,
538 2727 624 2777 fuisso
635 2728 680 2791 qui
693 2724 744 2774 lios
755 2734 851 2772 versus

49 2794 192 2856 scriberet,
204 2809 286 2861 quum
301 2796 386 2847 luerit
397 2796 443 2862 qui
455 2795 594 2847 laudaret:
606 2795 660 2846 nisi
674 2792 853 2844 IorteCioern

47 2875 171 2915 summus
184 2870 282 2915 orator
293 2865 394 2930 agebat
402 2879 513 2917 causam
523 2881 613 2930 suam,
634 2872 663 2920 et
674 2862 795 2918 solebat
804 2859 864 2915 bns

47 2944 140 2982 versus
152 2932 336 3004 rinerihnnns.
371 2930 461 2983 Panlo
471 2943 553 3002 post:
575 2938 660 3008 Apud
679 2938 783 3010 ipsum
798 2950 875 3008 nnio*

36 2995 529 3061 quemqurtseneca,ci·0010n0m
555 3011 698 3069 inuenies
723 3012 822 3069 etiam
847 3009 885 3063 in

17 3179 24 3189 .

31 3209 38 3228 ς,
