1912 3338
308 521 501 572 octavis.
522 522 610 570 ACT.
632 521 663 571 ll.

70 629 127 682 lllic
139 625 274 692 sepultum
286 630 328 674 est
338 625 420 690 impie
431 631 537 690 gestum
548 625 593 673 diu

72 699 154 750 Civile
166 695 277 757 bellum3
290 693 410 743 condidit
422 695 530 743 tandem
543 708 607 743 auos

70 769 128 818 lam
140 767 228 815 fessus
240 778 317 815 enses
330 764 429 822 ricton,
441 760 584 813 hebetatos
596 761 661 813 ieris

72 834 251 895 Vulneribus,
263 839 290 884 et
302 834 435 882 continuit
445 833 586 896 imperium
598 838 680 881 metu.

72 907 160 956 Armis
170 902 280 969 fideque
292 903 383 952 militis
394 908 468 952 tutus
479 900 540 962 suit,

72 977 180 1027 Pietate
193 974 249 1023 nati
271 970 361 1021 factus
375 972 472 1020 eximia
485 971 559 1031 deus,

72 1046 141 1096 Post
151 1042 210 1093 fata
221 1049 399 1093 consecratus
411 1049 439 1091 et
450 1041 556 1107 templis
569 1041 657 1090 datus.

71 1114 130 1166 Nos
142 1128 248 1181 quoque
259 1110 408 1161 manebunt
419 1118 505 1170 astra,
517 1112 538 1159 si
551 1125 633 1160 saevo
647 1111 719 1175 prior

72 1186 145 1235 Ense
157 1197 312 1248 occuparo,
325 1180 453 1247 quidquid
465 1178 594 1230 infestum
605 1188 647 1229 est
658 1177 731 1239 mihi,

72 1255 216 1321 Dignaque
228 1256 349 1300 nostram
360 1250 454 1299 sobole
467 1248 583 1299 fundaro
596 1248 713 1299 domum.

74 1338 113 1373 sn
121 1338 147 1372 n.
166 1321 291 1387 implebit
302 1319 391 1369 aulam
402 1321 486 1385 stirpe
499 1318 611 1369 coelesti
620 1325 696 1369 tuam

75 1393 214 1443 Generata
225 1390 301 1449 divo,
313 1388 441 1439 Claudiae
452 1389 540 1455 gentis
552 1388 644 1451 decus,

74 1462 179 1513 Sortito
189 1460 293 1521 fratris,
305 1474 380 1509 more
392 1460 514 1519 lunonis,
526 1464 611 1508 toros.

74 1543 174 1580 nano.
187 1531 292 1580 incesta
303 1529 418 1596 genitrix
431 1524 549 1577 detrabit
559 1527 651 1594 generi
664 1526 753 1589 fidem,

74 1599 238 1668 Animosque
249 1613 385 1665 nunquam
397 1598 518 1663 coniugis
528 1599 637 1647 iunctus
650 1595 722 1646 mihi.

78 1683 145 1718 san.
157 1668 272 1717 Teneris
283 1669 310 1717 in
321 1668 397 1717 annis
408 1665 480 1717 baud
492 1668 559 1717 satis
570 1666 645 1716 clara
657 1680 696 1716 est
711 1667 787 1727 fides,
830 1667 880 1717 540

71 1738 279 1789 Pudoreviotus
291 1753 352 1788 cum
364 1739 433 1804 tegit
442 1736 564 1799 flammas
576 1752 661 1787 amor.

72 1821 173 1858 neno.
186 1807 247 1858 lloc
259 1807 382 1875 equidem
394 1809 491 1874 etipse
503 1807 606 1858 credidi
618 1805 724 1858 frustra
737 1808 792 1867 diu,

71 1877 220 1928 Manifesta
231 1880 352 1944 quamvis
364 1884 475 1943 pectore
485 1877 637 1928 insociabili
863 1867 872 1882 ⁰

49 2010 51 2014 Α
72 1947 210 2012 vultuque
222 1948 299 2012 signa
310 1946 455 2012 proderent
466 1947 556 1995 odium
568 1948 636 2006 mei3

73 2015 198 2065 Tandem
209 2014 281 2080 quod
293 2013 391 2064 ardens
402 2016 497 2063 statuit
508 2015 603 2065 ulcisci
616 2014 703 2071 dolor,
829 2013 879 2064 545

73 2085 245 2150 Dignumque
258 2080 383 2132 thalamis
396 2083 539 2148 coniugem
549 2085 652 2134 invenit
663 2085 729 2133 meis

75 2153 184 2204 Genere
195 2157 278 2218 atque
289 2150 390 2211 forma,
402 2153 476 2202 vieta
487 2153 529 2202 cui
542 2152 622 2204 cedat
634 2154 736 2212 Venus,

73 2223 199 2288 lorisque
211 2222 362 2286 coniumet
372 2220 451 2271 ferox
462 2223 544 2273 armis
556 2222 616 2275 dea„

76 2305 146 2341 san.
158 2290 285 2342 Probitas
296 2290 418 2357 sudesque
431 2292 566 2360 coniugis,
577 2307 683 2352 mores,
695 2288 791 2359 pudor,

75 2361 207 2412 Placeant
218 2361 329 2410 marito:
341 2359 400 2410 sola
411 2367 543 2427 perpetuo
554 2368 674 2431 manent,
688 2358 692 2366 '
828 2360 879 2412 550

75 2431 206 2482 Subiecta
218 2430 295 2492 nulli,
306 2432 404 2480 mentis
415 2438 497 2498 atque
509 2433 589 2482 animi
600 2432 686 2494 bona;

73 2502 182 2553 Florem
194 2499 301 2551 decoris
311 2500 408 2568 singuli
420 2510 535 2567 carpunt
545 2502 610 2554 dies.

74 2586 116 2621 nn
124 2584 175 2620 no.
188 2571 289 2620 Omnes
299 2570 324 2620 in
337 2586 418 2622 unam
430 2572 544 2622 contulit
553 2572 649 2623 laudes
660 2570 735 2622 deus.

74 2641 225 2708 'Palemque
236 2640 311 2691 nasei
321 2638 381 2691 fata
392 2640 534 2692 voluerunt
545 2640 618 2692 mihi.

74 2724 112 2761 sir
120 2724 145 2760 n.
157 2709 279 2761 Recedat
289 2725 306 2760 a
315 2715 357 2772 te,
368 2717 472 2763 temere
483 2728 516 2762 ne
528 2713 636 2771 eredas,
649 2725 732 2761 amor.
829 2705 878 2757 555

74 2794 91 2829 n
99 2793 115 2828 a
123 2793 174 2828 no.
187 2780 274 2840 Quem
285 2779 446 2832 submovere
457 2779 575 2833 fulminis
585 2783 711 2832 dominus
724 2779 826 2846 nequit,

75 2848 149 2899 Coeli
160 2856 318 2914 tyrannum,
329 2865 412 2900 saeva
422 2851 466 2916 qui
479 2859 604 2917 penetrat
615 2852 685 2902 freta

72 2917 198 2985 Ditisque
209 2934 308 2985 regne,
319 2916 440 2969 detrahit
451 2919 572 2987 Superos
585 2919 665 2989 polol

75 3001 148 3038 sen.
161 2985 306 3038 Volucrem
319 3003 378 3039 esse
390 3004 514 3050 amorem
524 2991 607 3061 tingit
615 2991 762 3041 insolitem
771 2986 864 3032 deunx

72 3055 197 3107 Mortalis
206 3072 295 3120 error,
308 3067 400 3112 ararat
413 3070 442 3115 et
451 3062 519 3116 telis
529 3079 651 3125 manus,
868 3033 952 3182 wi

122 3121 198 3176 San.
222 3127 331 3183 Tanai
719 3127 775 3175 Μ
931 3145 941 3155 ”
