1920 3278
238 723 416 797 ursus
461 698 754 796 surmuus

140 861 188 920 ΙΝ
220 861 311 930 QUO
339 861 519 921 AGlTUlt
550 862 610 920 DE
643 861 860 920 conlutis

422 981 580 995 ——

386 1054 557 1106 CAPUT
593 1056 615 1106 l.

104 1123 204 1210 Nemo
214 1170 302 1222 usque
313 1170 346 1208 eo
357 1155 462 1216 turdus,
473 1168 501 1208 et
513 1156 609 1218 bobes,
622 1162 651 1208 et
662 1156 799 1208 demissus
810 1157 836 1206 in
848 1163 900 1207 ter·

106 1239 165 1278 rum
177 1232 236 1288 est,
255 1225 330 1276 uttd
347 1224 441 1276 divina
459 1241 511 1276 non
527 1227 662 1293 erigatur,
683 1240 718 1277 uc
732 1234 793 1278 totu
808 1234 899 1276 meute

105 1300 267 1361 consurgstt
290 1294 388 1361 utiquc
401 1294 448 1344 ubi
465 1310 564 1345 novum
578 1294 689 1360 aliquod
701 1310 716 1346 e
727 1295 809 1347 coelo
822 1298 901 1344 utita-

106 1365 197 1416 culum
210 1363 297 1414 fulsit.
333 1363 401 1414 Nam
414 1362 543 1429 quamdiu
559 1363 645 1414 solitu
662 1365 825 1426 decurrunt,
847 1378 901 1412 nru-

105 1433 276 1500 guitudiuem
298 1447 389 1483 rerum
411 1432 580 1483 consuetudo
596 1432 734 1484 subducit.
772 1433 814 1483 ltu
829 1433 900 1482 enim

107 1502 255 1567 compositi
265 1516 368 1564 sumus,
380 1507 413 1551 ut
422 1516 472 1551 nos
483 1500 653 1566 quotidiana,
663 1502 772 1551 etiamsi
783 1501 902 1551 admira·

107 1572 182 1622 tione
193 1569 279 1637 digua
288 1577 361 1631 sunt,
371 1578 528 1622 transeunt:
541 1576 638 1621 eontra
649 1570 824 1620 minimorum
837 1583 902 1634 quu-

107 1654 160 1706 qus
171 1653 272 1699 rerum,
282 1640 305 1688 si
318 1640 449 1690 insolitae
460 1638 629 1705 prodierunt,
640 1638 830 1704 spectaculum
842 1637 900 1688 dul·

108 1723 138 1758 ce
150 1708 206 1758 flat.
241 1707 273 1757 2
286 1707 341 1758 llic
350 1708 444 1774 itaque
454 1714 549 1765 costus
560 1713 714 1767 astrorum,
736 1708 837 1773 quibus
853 1706 902 1755 im-

107 1776 197 1827 mensi
213 1776 342 1841 corporis
357 1777 532 1844 pulchritudo
554 1776 748 1843 distinguitur,
770 1775 901 1842 populum

108 1861 161 1896 uon
178 1851 320 1896 convocat.
356 1847 392 1897 At
407 1858 490 1911 quum
506 1845 610 1914 sliquttl
626 1859 659 1897 ss
674 1859 754 1896 nsorc
765 1851 901 1894 tuututum

109 1922 167 1977 sst,
188 1914 309 1965 omnium
325 1915 418 1966 vultus
433 1916 460 1965 in
471 1915 550 1967 coelo
563 1921 613 1965 cst.
649 1910 696 1964 Sol
708 1920 904 1978 spectatorem,

109 1983 161 2035 nisi
174 1998 256 2048 quum
268 1983 369 2045 delicit,
381 1998 434 2034 uon
446 1982 539 2036 bttbst.
563 1982 651 2036 Nemo
661 1984 791 2034 observat
802 1982 905 2039 lunam,

110 2053 162 2103 uisi
175 2053 354 2104 laborantem.
390 2053 467 2103 'lunc
479 2053 561 2102 urbes
572 2052 754 2113 conclamant,
776 2057 844 2101 tunc
856 2063 904 2115 pru

110 2137 140 2174 ss
157 2120 272 2188 quisque
288 2122 487 2188 superstitione
504 2121 713 2186 vsustrepidst.
748 2119 774 2171 3.
795 2121 904 2181 Quuuto

110 2191 159 2241 illu
170 2191 277 2240 maium
286 2197 358 2250 sunt,
369 2189 441 2254 quod
455 2190 497 2241 sol
509 2189 634 2251 totidem,
645 2197 676 2240 ut
687 2191 728 2240 its
738 2187 905 2254 dicamgrs·

110 2259 170 2317 dus.
186 2264 253 2322 quot
266 2258 325 2309 dies
336 2257 427 2318 babet,
443 2264 471 2310 et
481 2274 580 2309 cunum
594 2259 710 2309 circuitu
722 2272 773 2308 suo
786 2256 905 2309 cisudit:

111 2324 183 2393 quod
194 2339 211 2374 u
221 2327 343 2376 solstitio
354 2326 389 2376 sd
401 2328 563 2379 minuendos
573 2327 634 2379 dies
648 2327 779 2387 vertitur,
801 2324 874 2393 quud
890 2338 907 2374 s

112 2392 234 2446 solstitio
248 2394 344 2443 stutim
361 2394 489 2457 instinct,
509 2402 539 2447 et
559 2397 607 2447 dat
622 2398 742 2462 spatium
762 2394 905 2447 noctibus·

112 2460 186 2529 quod
196 2461 289 2513 sidere
299 2462 459 2513 abscondit:
471 2463 543 2530 quod
557 2472 654 2527 terras,
665 2479 746 2532 quum
760 2469 840 2515 tanto
852 2476 907 2513 mn·

111 2533 155 2583 ior
165 2531 203 2580 m't
214 2529 286 2593 illis,
306 2546 359 2581 nun
370 2531 439 2591 urit,
460 2533 508 2585 sed
521 2534 642 2586 calorem
654 2548 733 2584 suum
745 2533 907 2586 intensioni·

111 2604 163 2652 bus
175 2614 208 2651 nc
217 2599 425 2652 remissionibus
436 2602 618 2669 temperando
627 2603 716 2655 fovet:
728 2603 803 2668 quod
815 2603 909 2652 lunum

111 2683 250 2736 nunquam
264 2669 376 2736 implet,
397 2671 450 2722 nisi
463 2671 605 2723 adversam
616 2672 685 2734 sibi,
706 2687 758 2723 nee
769 2673 909 2724 obscurat.

111 2740 137 2791 4.
147 2740 327 2792 llscctnmen
340 2753 394 2790 non
407 2747 580 2802 annotemus,
591 2742 722 2807 quamdiu
733 2741 803 2793 ordo
816 2754 909 2792 semn-

113 2816 171 2860 turt
207 2809 233 2860 si
245 2809 309 2875 qnid
321 2809 464 2860 turbutum
476 2816 528 2870 cst,
551 2817 599 2861 aut
609 2817 722 2876 prostes
733 2809 911 2862 consuetudi·

99 2892 165 2928 uem
178 2881 303 2944 emicuit,
319 2889 489 2951 spectamus,
499 2879 713 2947 interrogamus.
726 2879 910 2931 ostendimus.

83 2944 170 2997 ,ideo
183 2954 320 3009 trsturnle
332 2962 390 3020 est,
403 2951 495 3024 stragis
506 2967 592 3016 nuru,
606 2963 801 3019 uuummugus
808 2948 907 2998 ruituri
