1920 3300
84 538 136 589 204
283 541 305 590 E
326 538 470 590 Llssars
491 536 680 590 SENECAE

85 672 199 719 manue,
220 672 273 708 non
285 657 396 723 quaerit
408 656 472 723 quid
487 656 626 721 patiatur,
647 655 695 705 aed
712 659 882 722 quambene.

85 727 138 790 Qui
150 733 241 779 autem
253 726 344 779 Deum
358 727 434 788 colit,
446 726 513 777 hoec
525 725 640 791 patitur,
652 741 702 776 nec
714 728 806 779 timet.

328 809 396 878 Cap.
407 807 519 874 XXIV,
535 810 580 862 lib.
597 807 643 862 VI.

82 903 91 911 ·
139 879 196 932 Nec
205 880 309 932 lucrari
321 895 350 931 ae
362 881 504 946 quisquam
518 878 736 945 putetridelicti
744 877 885 930 conscium

87 963 141 999 uon
153 947 276 1001 habebit.
286 1000 297 1015 ,,
312 949 370 1001 Scit
382 953 455 1000 enim
468 949 518 999 ille
528 949 630 1008 omnia,
642 953 669 997 in
682 949 759 999 euius
770 964 885 1014 eonspe-

87 1025 132 1067 ctu
146 1019 277 1078 vivimus,
289 1035 338 1070 nee
350 1019 375 1068 si
386 1020 533 1078 universos
546 1016 672 1068 homines
684 1018 775 1069 celare
790 1032 884 1083 poaru-

87 1099 160 1138 mua:
182 1091 224 1138 eui
238 1086 307 1137 nihil
318 1086 518 1148 absconditum,
539 1086 607 1137 nihil
618 1092 711 1152 potest
724 1101 785 1137 eme
796 1101 886 1137 reere-

86 1161 153 1205 tum.
190 1154 407 1206 Exhortatiunea
419 1171 485 1206 auae
497 1156 602 1208 Seneca
615 1155 734 1205 mirabili
742 1152 886 1205 ’sententia

86 1223 258 1275 terminavit:
280 1225 422 1289 irrignum,
437 1225 535 1290 inquit,
550 1225 642 1275 nereio
654 1225 727 1289 quid,
739 1227 883 1291 maiusque

85 1306 166 1357 quam
178 1293 295 1360 cogitari
307 1301 407 1358 potest,
430 1309 528 1344 numen
541 1299 593 1344 eat.
629 1293 680 1342 Cui
693 1292 810 1344 virendo
822 1307 884 1357 ope·

84 1375 143 1410 ram
154 1360 260 1422 danius,
271 1360 335 1412 huie
345 1377 396 1412 noa
407 1363 600 1426 approbemur.
632 1357 708 1411 nihil
721 1361 835 1427 prodeat
845 1361 885 1411 in·

85 1430 190 1480 clusam
202 1447 262 1482 ease
274 1431 488 1481 conscientiam:
507 1437 634 1495 patemus
645 1429 714 1481 Deo.
752 1430 827 1491 Quid
837 1445 884 1481 re·

84 1500 143 1548 rina
156 1498 210 1550 diei
224 1507 317 1565 potest
328 1502 361 1551 ab
374 1515 406 1550 eo
418 1502 462 1565 qui
471 1498 557 1550 Deum
570 1505 673 1558 nosset,
685 1513 766 1564 quam
778 1499 883 1551 dietum

84 1573 126 1618 eat
137 1569 172 1620 ab
184 1567 294 1620 homine
306 1584 388 1620 verae
400 1568 547 1636 religionis
556 1565 673 1635 ignaro?

425 1652 537 1705 [tiron.

134 1721 208 1772 idem
221 1722 248 1772 in
260 1723 383 1774 eiusdem
395 1725 487 1788 operia
499 1721 603 1786 primo:
615 1720 686 1782 Quid
695 1719 772 1786 agot
783 1719 882 1787 inquit.

83 1789 155 1850 Quid
172 1788 358 1841 machineris!
378 1792 444 1857 quid
460 1789 622 1841 abscondis!
644 1791 745 1840 Custos
766 1797 795 1841 te
817 1797 882 1841 tuus

82 1858 216 1924 nequitur.
254 1860 343 1910 Alium
358 1861 409 1913 tihi
424 1858 614 1926 peregrinatio
626 1857 774 1918 subduxit,
796 1858 882 1909 alium

82 1943 167 1988 utura,
189 1929 273 1979 ulium
286 1929 430 1980 valetudo:
453 1929 549 1979 haeret
561 1927 620 1988 hie,
640 1942 693 1993 quo
705 1941 800 1978 carere
813 1943 880 1978 nun·

82 2012 163 2064 quem
176 2004 266 2064 poteo.
302 1998 373 2060 Quid
387 1998 477 2048 iocum
490 1997 614 2049 abditum
627 1998 706 2062 legia,
719 2004 747 2046 et
758 1997 882 2047 arbitros

83 2067 224 2118 removeri
258 2067 341 2118 Putas
353 2067 405 2118 tibi
418 2068 581 2132 contigisse,
604 2073 634 2115 ut
647 2065 744 2115 oculos
756 2066 880 2116 omnium

82 2135 216 2203 effugias?
231 2136 361 2204 Demens,
372 2135 436 2201 quid
449 2136 501 2185 tibi
511 2135 628 2200 prodeat
638 2149 691 2185 non
703 2131 806 2187 habere
818 2150 870 2187 con
917 2151 924 2161 ·

81 2207 178 2267 seium,
189 2205 304 2257 habenti
316 2203 536 2257 conscientiam!

332 2290 461 2342 Eiutdem
471 2305 531 2356 rap·
542 2286 634 2340 XXV.

132 2359 242 2419 Quanto
259 2358 405 2410 melioret
424 2361 515 2410 verius
532 2357 653 2411 Seneca?
673 2356 802 2409 Vultiane
822 2372 882 2420 rou,

80 2427 179 2491 inquit,
191 2426 280 2477 Deum
293 2427 434 2493 cogitaret
447 2443 573 2495 magnum
585 2435 613 2479 et
624 2426 775 2492 placidum,
786 2435 815 2478 et
827 2442 881 2478 mn·

80 2497 181 2545 iestate
193 2495 248 2545 leni
259 2495 421 2546 verendum:
442 2500 573 2558 amicum,
590 2504 617 2547 et
629 2510 737 2561 semper
749 2495 777 2546 in
790 2497 882 2562 proxi·

81 2578 138 2613 mo:
159 2576 213 2613 non
229 2563 467 2616 immolationibus
484 2573 513 2617 et
528 2567 662 2630 sanguine
678 2565 766 2615 multo
789 2565 881 2616 coien-

80 2632 158 2682 dum:
181 2646 253 2698 quae
270 2634 339 2682 enim
356 2649 391 2685 ex
408 2635 595 2686 trucidatione
611 2635 816 2684 immerentium
833 2649 881 2683 ro·

79 2701 173 2766 luptaa
185 2700 245 2751 enti
255 2701 303 2752 aed
315 2710 407 2755 mente
419 2714 497 2770 pura,
507 2704 582 2755 bono
594 2702 768 2768 honestoque
781 2716 880 2768 propo·

78 2772 145 2822 aito.
180 2769 241 2822 Non
253 2772 359 2838 templa
370 2772 426 2834 iiii,
449 2772 589 2837 congestio
600 2773 628 2822 in
642 2770 821 2823 nititudinem
833 2785 877 2821 eu·

78 2840 134 2901 xia,
157 2838 291 2892 struenda
306 2849 383 2893 runt:
406 2843 435 2893 in
445 2857 495 2891 auo
507 2841 607 2906 cuique
618 2841 825 2893 consecrandus
836 2848 880 2894 eat

61 2914 194 2967 mm
320 2980 385 3037 mr.
403 2977 469 3045 ru,
487 2973 630 3048 cmxv.

89 3057 164 3117 Non
178 3066 294 3130 inscite
307 3071 430 3132 Seneca
439 3060 883 3129 numerumnunerum
