1876 3300
161 427 577 482 fleecnnasrneans.
615 430 702 482 nor.
721 429 755 481 ιι.
832 429 867 482 ro
934 413 935 416 ‘

62 545 82 583 ι,
91 544 142 583 ro.
160 532 271 586 Fortem
281 550 422 598 vocemus,
434 534 510 586 cuiue
522 547 555 586 ex
565 531 685 586 humeris
694 535 752 599 leo,
817 535 867 586 465

61 602 172 653 Donum
184 604 289 671 puellae
300 603 407 667 factus,
419 610 447 656 et
459 604 535 655 clava
547 604 661 668 excidit,

61 671 204 740 Fuieitque
214 675 317 742 pictum
327 681 403 727 reete
415 672 528 725 Sidonia
536 672 626 726 latuei

66 742 178 794 Fortem
190 759 332 807 vocemus,
344 746 419 796 cuiue
430 742 573 796 horrentes
585 759 683 794 comae

64 811 198 864 Maduere
212 812 314 865 nardoi
333 806 428 866 Laude
441 815 486 881 qni
497 820 576 864 notas
587 829 681 865 manue

64 881 107 934 Ad
119 897 172 932 non
182 883 285 935 virilem
295 885 416 951 tympani
430 885 514 935 movit
524 898 622 934 sonum
819 886 869 935 410

63 953 151 1003 Mitra
161 950 281 1004 ferocem
292 953 409 1005 barbara
419 953 536 1005 frontem
548 951 691 1020 premensi

64 1034 167 1072 aneu.
186 1020 248 1073 Non
257 1023 394 1075 erubescit
403 1021 529 1074 Bacchus
541 1022 645 1076 effusos
655 1030 733 1074 tener

64 1089 206 1156 sparsisse
217 1094 318 1155 crines,
330 1109 381 1146 nec
391 1108 472 1144 mann
484 1093 556 1143 molli
568 1093 654 1146 levem

62 1160 183 1212 Vibrare
192 1159 331 1228 thyrsum,
344 1178 405 1214 eum
416 1178 511 1230 parum
522 1161 589 1213 forti
600 1163 687 1230 gradu

62 1231 138 1281 Auro
149 1230 279 1283 decorum
289 1248 382 1299 syrma
392 1232 535 1283 barbarico
547 1229 648 1297 trahite
736 1228 739 1238 '
818 1234 868 1283 aab

63 1301 134 1352 Post
144 1301 230 1353 multa
239 1303 323 1354 virtue
335 1318 419 1369 opera
429 1301 516 1353 laxari
527 1302 605 1353 solet.

62 1383 108 1421 ar
116 1382 140 1420 c·
152 1369 329 1423 Teuthrantis
339 1370 392 1422 hoc
404 1371 507 1423 fatetur
516 1373 603 1424 eversi
615 1371 725 1442 domus,

63 1439 255 1508 Peeorumque
265 1442 320 1492 ritu
330 1443 463 1509 virginum
476 1457 510 1509 op
531 1444 597 1493 roasi
610 1457 716 1509 greges.
756 1496 758 1499 ,

63 1510 130 1561 Hoc
141 1509 304 1573 nullamne,
315 1510 402 1562 nulius
414 1458 586 1578 Euryetineus
596 1511 686 1562 iubet:

62 1580 154 1647 ipsios
164 1577 233 1633 haee
243 1587 306 1632 eunt
317 1596 409 1648 opera.
432 1596 532 1632 arira.
545 1581 605 1632 Non
616 1583 688 1633 noeti
702 1583 805 1633 omnia:
817 1583 868 1632 480

62 1649 153 1717 ipsius
165 1665 233 1716 opus
244 1658 287 1704 eet
296 1651 432 1704 caestibus
443 1649 548 1703 inactus
559 1653 614 1715 nnis

60 1720 156 1785 Eryx,
168 1725 196 1770 et
208 1721 292 1786 Eryci
302 1721 410 1772 iunctus
419 1722 537 1772 Antaeus
548 1720 648 1787 Libys,
702 1770 705 1778 ,

39 1833 46 1853 s
61 1790 100 1842 Et
113 1790 159 1856 qui
171 1787 299 1856 hospitali
310 1789 394 1842 caede
405 1800 545 1843 manantes
557 1790 613 1842 foci

61 1859 164 1912 Bibere
174 1860 276 1914 iustum
287 1861 443 1928 sangninem
455 1860 596 1912 busiridis.

65 1929 154 1996 ipsine
166 1945 235 1996 opus
247 1936 301 1994 eet,
312 1930 415 1982 vulneri
427 1937 455 1982 et
466 1929 540 1982 ierro
554 1931 658 1994 obrius,
816 1931 867 1982 485

62 1999 183 2050 Mortem
196 2006 309 2051 coactus
318 2001 425 2068 integer
436 2001 544 2066 Cycnus
557 2002 627 2067 pati;

61 2066 125 2121 Nec
136 2085 205 2121 unus
216 2073 270 2122 unt
281 2069 394 2136 Geryon
406 2071 492 2121 rictus
503 2085 592 2121 manu.

60 2139 126 2191 Eris
137 2139 207 2189 inter
217 2140 300 2203 istoc,
313 2142 360 2208 qui
369 2148 460 2191 tamen
473 2139 545 2190 nulio
557 2147 653 2204 stupro

60 2208 186 2261 Laesere
199 2207 340 2261 tirannos.
357 2224 397 2260 nr
406 2208 590 2271 aquodiovi,
603 2207 719 2277 hocregi
731 2209 807 2260 iicet':

61 2280 122 2331 iovi
132 2278 232 2330 dedisti
244 2281 400 2347 coniugem:
412 2280 469 2346 regi
480 2278 570 2339 dabis,
816 2279 867 2329 49⁰

60 2350 99 2400 Et
110 2353 139 2399 te
150 2350 281 2416 magistro
294 2365 346 2399 non
358 2364 456 2400 novum
468 2346 520 2399 hoc
533 2348 620 2401 discet
630 2365 723 2412 nurus,

58 2419 155 2471 Etiam
164 2420 224 2469 viro
236 2418 368 2485 probante
380 2418 518 2471 meliorem
529 2420 614 2486 ecqui.

58 2488 108 2541 Sin
121 2488 245 2554 copulari
257 2490 382 2555 pertinax
392 2489 479 2541 taedis
490 2495 585 2557 negat=

57 2557 115 2612 vel
125 2572 160 2611 ex
173 2564 272 2610 coacta
283 2558 401 2610 nobilem
414 2566 521 2626 partum
532 2558 626 2610 feram.

56 2629 103 2682 rit
112 2643 140 2681 o.
159 2627 279 2680 Umbrae
292 2630 416 2681 Creontis
428 2636 455 2680 et
466 2636 578 2696 penaten
590 2628 725 2693 Labdaci,
817 2628 868 2679 4⁹5

55 2699 95 2753 Bt
109 2699 248 2767 nuptialee
258 2700 333 2766 impii
345 2698 502 2765 Oedipodae
513 2697 602 2760 facee,

56 2769 140 2823 Nunc
151 2769 237 2822 tolita
246 2775 337 2821 veetro
350 2766 408 2820 iata
419 2770 545 2837 coniugio
557 2767 632 2819 date!

56 2838 154 2903 Nunc,
168 2854 255 2902 nunc,
267 2845 396 2891 cruentae
406 2839 477 2907 regie
488 2840 607 2909 Aegypti
618 2854 722 2902 nurus,

56 2911 176 2970 Adeste,
188 2908 411 2976 mnitorangnine
421 2905 678 2965 infectae‘manusi

53 2980 141 3027 Deest
150 2991 203 3025 nna
212 2977 456 3035 numeraveram:
466 2985 597 3055 explebo
611 2983 710 3039 nesae.
855 2970 921 3022 'im‘

671 3059 734 3111 Be
