1702 3300
222 466 508 523 lllPl'OLY'lUS.
544 472 633 523 AC'l'.
654 471 674 524 Ι.
806 473 851 525 11

53 575 206 628 'l'entemus
218 577 336 626 animum
347 577 451 627 tristem
466 582 493 625 et
504 577 712 628 intractabilem.

53 647 131 698 Meus
142 649 196 698 iste
207 645 286 695 labor
296 652 337 696 est
349 645 461 712 adgredi
472 647 595 697 iuvenem
608 646 703 709 lerum,

54 717 230 785 Montemque
242 731 350 767 saevam
363 714 473 767 flectere
484 717 593 766 immitis
605 719 662 767 viri.

369 877 570 951 effosus.>

115 1004 198 1047 ornum
209 1003 286 1048 amon·
295 1007 379 1055 cedere,
392 1005 492 1048 lomim
502 1005 574 1048 omnis
585 1005 642 1055 loci,
659 1005 755 1052 means.
779 1008 848 1049 condi

56 1062 134 1111 tionis,
151 1061 212 1117 ipsos
222 1065 274 1104 deor
283 1073 408 1117 ικρινοιαε
416 1061 511 1117 inferos,
523 1062 678 1119 qru‘rretlrrutae
688 1063 802 1104 anirnoliae
814 1070 847 1105 ter

56 1119 152 1168 meria,
164 1119 290 1175 aquatilia,
301 1119 375 1161 ui’rr'u.

55 1210 140 1271 Diva,
152 1226 207 1261 non
217 1212 275 1261 miti
286 1215 417 1278 generata
427 1217 521 1277 ponto,

56 1282 144 1341 Quam
157 1286 240 1331 vocat
250 1287 363 1330 matrem
375 1282 498 1347 geminus
510 1281 623 1349 Cupido,

57 1354 197 1416 impotens
209 1349 323 1400 flammis
334 1351 413 1401 simul
424 1357 453 1401 et
463 1352 579 1418 sagittis,

55 1422 108 1471 lste
120 1421 239 1471 lascivus
251 1420 322 1471 Puer
333 1436 365 1470 ac
376 1421 503 1472 renidens

56 1491 126 1540 'l'ela
136 1505 218 1557 quam
231 1497 305 1541 oerto
318 1490 476 1541 moderatur
487 1490 564 1542 areu!

57 1560 189 1627 [habitur
199 1565 272 1610 totas
281 1559 359 1609 luror·
369 1560 397 1610 in
407 1560 547 1625 medullas,

58 1635 121 1697 lgne
133 1629 235 1679 furtivo
248 1629 394 1695 populante
406 1630 510 1698 venas]

58 1702 116 1752 :Non
128 1698 212 1750 habet
222 1699 305 1749 latum
317 1699 382 1749 data
392 1701 473 1768 plaga
484 1699 610 1758 lrontem.

56 1770 109 1821 Sed
120 1775 201 1819 roret
212 1775 300 1820 terias
315 1771 421 1835 penitus
434 1771 571 1822 medullas.

14 1897 19 1903 ‚
57 1840 135 1890 Nulla
145 1853 201 1905 pax
211 1840 257 1889 isti
269 1839 371 1890 Puero:
384 1855 433 1907 per
445 1840 539 1891 orbem

57 1909 167 1976 spargit
177 1907 277 1961 effusas
288 1911 364 1975 agilis
376 1911 504 1977 sagittam

58 1980 187 2045 Quaeque
197 1986 354 2030 nascentem
366 1980 439 2030 ridet
450 1995 499 2030 ora
510 1980 603 2042 solem,

57 2051 186 2115 Quaeque
197 2049 231 2099 ad
243 2049 390 2117 Hesperias
400 2052 473 2102 iaoot
483 2064 532 2100 ora
544 2055 639 2109 metas,

57 2118 82 2169 Si
94 2135 148 2186 qun
159 2117 274 2169 ferventi
286 2119 408 2172 subiecta
420 2121 524 2170 Cancro
535 2126 586 2181 est,

57 2187 82 2238 Si
94 2204 149 2256 qun
160 2187 322 2240 Parrhasiae
332 2190 454 2257 glacialis
465 2190 551 2240 Ursas

57 2257 170 2326 Semper
181 2265 303 2309 errantes
315 2261 417 2326 patitur
428 2259 549 2321 colonos,

57 2327 137 2378 Novit
148 2325 198 2378 hos
210 2336 309 2379 aestus.
346 2330 474 2379 lurenum
486 2328 593 2380 feroces

57 2400 183 2448 Concitet
194 2396 330 2461 flammas,
342 2400 504 2466 senibusque
515 2398 594 2450 sessis

56 2466 157 2518 llursus
168 2469 305 2519 extinctos
318 2476 430 2521 revocat
440 2469 560 2533 calores;

56 2536 197 2606 Virginem
208 2540 302 2605 ignoto
315 2537 379 2589 ierit
389 2540 451 2607 igne
463 2545 571 2605 pectus·

54 2606 87 2658 Et
96 2607 175 2658 iubet
187 2609 263 2660 coelo
275 2607 395 2674 Superos
407 2608 501 2659 relicto

54 2674 182 2728 Vultibus
193 2676 267 2727 tarsis
281 2676 404 2728 habitare
414 2683 510 2729 terras.

54 2745 180 2799 Thessali
192 2745 319 2799 Phoebus
331 2749 439 2814 pecoris
450 2749 579 2815 magister

50 2812 116 2884 Egit
128 2823 296 2880 armentum,
309 2820 452 2885 positoque
464 2818 568 2885 plectro

50 2883 153 2954 lmpari
166 2893 260 2937 tauros
272 2889 375 2938 calamo
388 2889 504 2943 vocarit.

48 2953 139 3005 induit
145 2956 247 3004 formas
257 2960 364 3022 quoties
374 2961 499 3015 nrimrres

32 3017 107 3082 Ιρεε,
120 3023 168 3085 qui
176 3022 280 3076 eoelum
289 3027 467 3106 nebulasque
481 3037 583 3090 ducit!

676 3106 745 3159 ila
