1912 3338
134 446 187 499 81⁰
347 440 381 492 L
400 439 558 491 ΑΝΝΑΕἸ
579 437 779 501 SENECAE

196 545 350 613 l’erdatque
363 543 445 605 alius,
456 543 610 610 nullumque
621 536 709 607 leret3

132 616 186 674 646
197 619 316 666 'l'antum
328 622 359 664 ut
370 620 482 673 noceat,
494 614 569 678 cupit
579 627 640 673 esse
651 619 765 678 potens.

196 687 288 746 Quota
299 699 361 749 pare
371 683 485 732 moritur
495 689 619 747 tenrpore
629 677 696 732 tati!

196 757 272 816 Quos
282 752 376 804 felices
387 748 504 817 Cynthia
515 749 591 813 vidit,
655 811 659 817 Ι

197 823 274 874 Vidit
285 823 399 873 miseros
411 828 492 871 enata
502 820 567 870 dies.

199 893 299 942 Rarum
309 898 352 942 est
362 889 426 940 felix
438 888 562 956 idemque
573 904 667 941 senex.

136 961 188 1012 645
200 963 319 1027 Caespes
329 960 414 1025 Tyrio
427 957 533 1008 mollior
544 965 620 1010 ostro

199 1029 276 1082 Solet
285 1027 435 1094 impavidos
446 1027 546 1078 ducere
556 1043 684 1096 somnoeg

197 1101 287 1150 Aurea
298 1104 425 1165 rumpunt
436 1102 511 1148 taeta
521 1098 651 1164 quietem,

197 1167 354 1235 vigilesque
364 1164 448 1216 trabit
460 1181 579 1232 purpura
589 1175 697 1221 noctes.

200 1237 223 1287 0
235 1238 257 1287 si
268 1244 380 1303 pateant
390 1242 506 1302 pectora
516 1235 614 1286 ditum!

139 1306 190 1357 656
203 1307 327 1367 Quantos
337 1307 408 1356 intus
418 1305 538 1355 sublimis
549 1306 608 1372 agit

201 1376 324 1426 Fortuna
334 1374 435 1424 metus!
456 1374 565 1424 Bruttia
576 1376 650 1427 coro

200 1445 329 1496 Pulsante
340 1443 440 1494 fretum
452 1445 543 1494 mitior
552 1444 625 1496 unda
636 1453 688 1498 est.

201 1514 322 1564 Pectora
332 1528 437 1580 pauper
447 1529 544 1564 secura
554 1515 633 1582 gerit

203 1585 292 1633 Tenet
303 1598 318 1633 e
329 1583 422 1648 patula
434 1582 533 1648 pocula
543 1583 618 1652 fago,

140 1651 191 1701 655
204 1650 257 1701 Sed
269 1668 322 1702 non
334 1651 444 1717 trepida
456 1660 531 1702 tonet
541 1653 588 1703 illa
597 1669 687 1707 manu.

203 1722 296 1786 Carpit
306 1719 401 1771 faciles
411 1721 530 1788 vilesque
542 1723 626 1785 cibos,

201 1788 255 1840 Sed
267 1805 320 1839 non
332 1790 443 1840 strictos
454 1792 566 1856 respicit
578 1806 670 1858 enses;

201 1861 291 1911 Aurea
299 1860 396 1910 miscet
407 1861 506 1926 pocula
516 1863 634 1928 sanguis.

201 1930 306 1981 Coniux
317 1929 426 1980 modico
438 1938 523 1996 nupta
533 1933 630 1983 marito

139 1999 190 2050 666
202 1999 263 2051 Non
277 1999 409 2066 disposito
421 2000 495 2050 clara
507 2000 599 2050 monili

201 2069 301 2120 Gestat
311 2069 399 2135 peravi
412 2069 484 2119 dona
494 2069 629 2132 rubentis;

200 2138 258 2189 Nec
270 2109 444 2207 gemmiferas
457 2136 578 2191 detrahit
589 2154 669 2192 aures

200 2207 284 2275 Lapis
296 2209 356 2259 an
367 2209 454 2260 iectus
465 2211 492 2258 in
503 2208 575 2259 unda

199 2276 257 2327 Nee
268 2276 380 2328 Sidonio
392 2279 478 2328 mollis
491 2275 577 2329 aheno

138 2344 189 2395 665
202 2347 329 2413 Repetite
339 2348 408 2397 bibit
417 2349 480 2398 iana
490 2347 617 2410 rubores3

199 2414 256 2466 Nec
267 2416 397 2467 Maeonia
407 2417 547 2484 distinguit
557 2432 618 2478 acu,

201 2486 277 2545 Quae
292 2483 427 2537 Phoebeis
439 2486 561 2536 subditus
573 2485 652 2536 Euris

198 2554 282 2620 Legit
293 2554 358 2605 Eois
369 2553 419 2605 Ser
428 2555 579 2624 arboribus.

199 2623 344 2685 Quaelibet
355 2622 456 2674 herbae
467 2627 571 2676 tinxere
582 2624 667 2687 colos,

137 2691 189 2742 dit)
202 2694 276 2754 Quas
286 2692 412 2745 indoctae
424 2709 521 2745 nevere
532 2709 640 2756 manus;

199 2760 254 2821 Sed
266 2778 320 2812 non
332 2762 432 2813 dubios
440 2762 515 2815 foret
525 2763 570 2814 iila
581 2770 671 2825 tor0s3

199 2829 328 2903 Sequitur
338 2831 396 2882 dira
406 2832 530 2900 lampade
544 2833 660 2898 Erinnys

200 2906 327 2973 Quarum
337 2903 434 2976 popuii
445 2903 551 2954 ouiueun
560 2902 643 2950 bisin.

198 2980 263 3038 Nee
276 2981 329 3036 sibi
341 2977 413 3033 teiix
420 2967 666 3046 pauperbnbetun„
