1920 3278
101 461 148 513 150
389 460 609 514 seducis*

98 591 199 633 niatunr
217 583 244 630 in
258 579 428 646 Pompeiane
444 582 563 647 regione.
601 580 662 632 Non
679 587 722 631 est
738 593 827 648 quere
841 576 896 631 linc

97 661 176 717 potes
187 652 284 700 ovibus
297 650 354 699 illis
368 651 469 701 tioiore
480 649 623 699 occidisse.
662 650 791 700 Diximus
802 650 894 700 solere

97 728 158 786 pust
171 735 283 785 magnos
295 727 431 768 terruronr
445 727 536 767 neotus
547 719 734 783 pestilentiam
748 719 817 768 lieri.
836 717 894 769 Nec

97 791 123 838 id
141 789 238 837 mironi
256 796 312 837 est:
334 790 419 837 multa
436 790 506 837 eninr
527 790 672 838 niortil'era
686 787 713 836 in
728 789 786 837 ulto
797 787 893 837 latent.

96 858 122 908 2.
135 860 169 907 dt
182 859 230 906 aer
243 857 362 922 ipse,qoi
376 857 418 906 rel
431 865 568 906 terrarum
581 856 663 922 culpe
673 857 715 906 rel
728 856 854 922 pigritie,
865 862 893 907 et

97 940 212 977 eeteros
223 934 305 976 nocte
316 927 460 991 torpescit,
470 925 562 992 gnaris
577 923 769 976 haurientibus
781 932 836 974 est:
849 924 893 974 rei

97 1003 243 1059 corruptus
256 997 423 1044 internorum
436 996 537 1058 ignium
551 994 634 1054 ritio,
657 1008 740 1059 quoin
751 1002 795 1044 est
809 994 893 1058 longo

96 1066 151 1114 sito
168 1065 300 1123 emissus,
324 1076 421 1126 purunr
438 1061 511 1113 liunc
526 1063 715 1128 liquidumque
727 1062 893 1113 maculatae

98 1131 206 1198 polluit,
222 1132 417 1195 insuetumque
428 1130 593 1181 ducentibus
603 1133 743 1197 spiritum,
754 1130 837 1182 ullert
847 1147 895 1180 ιιιι-

98 1217 128 1251 rn
141 1214 241 1266 genera
255 1200 422 1249 rrrsrrboruni.
458 1202 541 1262 Quid,
551 1201 624 1267 qrrrrd
636 1214 724 1266 equae
734 1215 846 1266 quoque
858 1201 895 1249 in·

97 1272 178 1321 utiles
191 1269 405 1335 pestilentesque
416 1269 443 1318 in
457 1271 552 1320 abdito
568 1271 670 1329 intent,
693 1276 722 1319 ut
740 1284 810 1334 ques
827 1285 892 1318 nun·

96 1355 177 1405 qomo
191 1354 256 1388 usus
269 1345 406 1395 exerceat,
427 1353 564 1404 nunqneni
577 1352 646 1389 eure
656 1338 776 1388 liberior
785 1339 894 1388 everbe-

98 1408 157 1460 retl
179 1408 203 1458 3.
216 1409 333 1458 Crnssoe
344 1407 482 1473 itaque,et
496 1409 573 1473 gravi
583 1408 703 1474 caligine
713 1409 894 1472 sempiternu-

97 1493 150 1543 que
166 1484 270 1536 tectae,
291 1475 360 1526 nihil
376 1478 428 1526 nisi
440 1476 603 1542 pestiferunt
616 1480 641 1526 in
653 1492 683 1526 se
694 1483 721 1526 et
732 1476 894 1542 corporibus

98 1547 200 1596 nostris
212 1547 381 1595 contrarium
398 1545 509 1596 liabent.
545 1548 599 1597 der
610 1560 717 1612 qrrcrque
730 1545 777 1610 qui
790 1545 895 1595 adsuit·

93 1623 143 1665 'tus
155 1622 198 1664 est
213 1613 285 1672 illis,
302 1617 403 1680 quique
415 1615 559 1665 interillos
571 1615 687 1681 paludes
699 1615 790 1675 iacet,
811 1629 892 1680 quoru

98 1684 217 1743 entersit,
237 1683 400 1734 lateritium
412 1700 490 1734 suuni
502 1688 617 1751 spargit,
638 1693 667 1735 et
679 1683 839 1735 haurientes
851 1699 896 1733 ne·

97 1760 150 1803 cat.
187 1752 310 1804 Facilius
322 1760 414 1803 autern
429 1768 528 1820 pecora
541 1757 673 1812 sentiunt,
686 1754 713 1802 in
725 1769 797 1821 quae
809 1753 893 1820 pesti·

96 1822 184 1874 lentie
196 1824 337 1874 incurrero
347 1823 491 1888 solet,quo
502 1823 626 1874 aridiore
639 1831 715 1872 sunt:
728 1833 895 1889 apertocoe·

95 1891 123 1948 to
135 1893 278 1957 plurimum
292 1899 421 1951 utuntur,
444 1901 472 1942 et
488 1895 582 1958 aquis,
602 1907 716 1958 querunt
734 1893 855 1943 nrnxinre
866 1892 892 1941 in

95 1961 407 2028 pestilentieculpucst.
442 1961 468 2011 d.
489 1962 560 2013 (ires
578 1977 643 2012 rero
660 1961 798 2012 nrollioris
813 1969 893 2011 netu·

95 2046 151 2091 rue,
163 2045 215 2097 quo
227 2031 357 2096 propiore
369 2030 450 2080 terris
461 2030 553 2081 ierunt
564 2033 665 2095 cupite,
678 2038 822 2096 correptus
833 2046 893 2080 esse

96 2116 149 2149 non
168 2102 267 2160 miror,
288 2114 371 2165 quum
388 2099 498 2149 adiutus
513 2100 568 2149 diri
579 2103 651 2150 neris
662 2101 734 2148 circa
746 2101 833 2165 ipsein
847 2098 893 2148 hn-

95 2183 167 2218 nsunt
190 2169 359 2234 exceperint.
396 2167 543 2219 Noenissct
563 2169 611 2219 ille
633 2177 661 2219 et
682 2169 847 2228 hominibus,
869 2169 891 2217 si

96 2240 185 2287 nroior
201 2242 329 2289 exiisset:
352 2238 399 2288 sed
411 2237 489 2287 illum
501 2240 581 2305 copis
593 2238 667 2288 airis
676 2238 779 2290 sinceri
792 2239 892 2289 exstin-

95 2307 145 2364 xit,
162 2314 320 2370 antequem,
336 2313 367 2356 ot
378 2306 412 2357 eb
425 2304 534 2357 hirniine
546 2315 641 2374 posset
653 2305 739 2369 trahi,
754 2314 891 2373 surgeret.

149 2372 274 2423 xxviii.
294 2374 385 2424 Multa
402 2383 492 2425 eutero
510 2385 599 2428 terres
615 2375 716 2427 habere
735 2376 890 2434 niortiieru,

94 2441 136 2492 rel
150 2457 182 2493 es
195 2440 249 2492 hoc
260 2442 395 2508 intellige,
407 2444 480 2510 quod
493 2453 536 2496 tot
549 2461 652 2497 renent
663 2453 824 2507 nuscuntur,
837 2461 890 2495 non

95 2526 175 2561 munu
189 2525 294 2576 sparse,
314 2514 362 2562 sed
373 2523 486 2576 sponte:
506 2517 568 2565 snio
588 2517 695 2566 scilicet
711 2513 841 2576 habente,
862 2522 892 2563 ut

94 2581 170 2640 birni,
191 2580 232 2630 itu
244 2580 308 2630 ntuli
323 2583 437 2633 sensisse.
473 2582 557 2645 Quin,
570 2585 643 2650 quod
656 2585 782 2650 pluribus
794 2584 892 2635 ltaliae

94 2650 164 2700 locis
180 2664 229 2714 per
244 2651 377 2715 quaedem
396 2652 532 2702 terentina
544 2654 676 2719 pestilens
688 2653 837 2705 exhaletur
848 2670 892 2703 re·

95 2735 154 2786 por,
175 2734 254 2785 quern
266 2735 320 2769 non
332 2717 436 2769 donnini
448 2720 558 2783 ducere,
576 2739 629 2772 nsrn
642 2723 718 2774 ierne
728 2729 819 2775 tutoni
833 2722 893 2773 esti

95 2791 163 2840 Ares
179 2804 287 2855 quoque
296 2789 320 2838 si
334 2789 361 2839 io
375 2789 453 2839 illurn
465 2790 627 2851 inciderint,
650 2802 801 2859 antequem
814 2793 893 2843 coelo

82 2857 206 2911 meliore
220 2858 361 2922 lenietur,
383 2858 487 2924 inipso
505 2862 598 2910 rolutu
616 2861 732 2921 cedunt,
753 2863 893 2928 liventque

69 2937 207 2991 corporo,
215 2939 246 2983 et
260 2948 315 2985 nnn
327 2930 415 2984 ulitur·
427 2945 511 3000 qtrntn
524 2945 573 2998 per
584 2932 641 2981 ιἰιιι
653 2930 736 2980 elisue
746 2932 841 2982 leucos
854 2943 894 2981 tu·
958 2978 959 2982 ,

51 3001 148 3047 ment,
191 3003 218 3055 2
242 3004 301 3060 llic
325 3005 454 3078 spiritus
476 3003 617 3076 quutudiu
637 3000 723 3052 terris
742 3005 909 3058 continetur,
