1912 3338
77 507 128 561 sm
243 503 295 571 [u.
325 499 480 551 ,aunam
500 495 713 564 senecae]

137 611 197 662 Fax
206 608 266 669 illa,
280 620 359 674 quam
373 610 468 654 secuta
479 618 521 664 es,
533 596 672 669 Augustae
683 617 769 653 manu
881 661 892 671 ,y

138 677 281 737 Praelata,
294 676 396 725 clarum
408 687 505 723 nomen
516 671 617 721 invidia
628 671 678 721 tibi
831 675 834 679 “

139 748 253 797 Partrrm
266 746 410 794 ominatur.
422 741 540 792 lnlerum
552 740 631 791 sedes
643 747 725 791 toros

141 814 260 866 stabiles
272 813 380 863 luturos
391 811 508 877 spondet
519 818 648 860 aeternae
661 810 770 862 dumus.

77 884 236 952 '1551ugu10
248 881 320 949 quod
332 895 423 931 ensem
435 879 555 929 condidit
566 879 700 946 Princeps
712 888 791 930 tuus:

141 953 220 1004 Belle
229 950 301 1001 haud
312 950 445 1010 movebit,
455 964 525 1016 pace
537 948 584 999 sed
595 948 700 999 lerrum
713 955 800 1016 teget.

143 1021 282 1088 Recollige
294 1019 425 1081 animum3
436 1020 528 1084 recipe
538 1019 686 1076 laetitiam,
700 1034 811 1084 precor,

143 1093 255 1140 Timere
267 1087 356 1154 pulsol
369 1087 450 1138 redde
464 1095 491 1139 te
502 1087 628 1138 thalamis
639 1087 708 1139 tuis!

143 1175 159 1208 e
167 1172 184 1208 e
192 1173 217 1208 r.
230 1157 351 1208 Delubra
362 1163 389 1207 et
400 1172 461 1207 aras
473 1164 567 1223 petere
579 1159 709 1207 constitui
720 1173 827 1219 sacras,

80 1229 133 1279 ‘160
146 1229 239 1279 Caesis
250 1227 329 1276 litare
339 1228 454 1276 victimis
466 1243 563 1278 numen
575 1227 665 1288 deum,

143 1298 181 1347 Ut
192 1297 337 1362 expientur
348 1296 435 1346 noem
447 1302 475 1346 et
485 1299 571 1346 sumni
584 1298 683 1358 miliae,

144 1367 303 1432 Terrorque
314 1366 341 1414 in
354 1363 447 1415 hostes
460 1366 554 1418 redeat
565 1368 701 1417 emunitus
712 1381 801 1419 mens.

144 1437 182 1485 Et
192 1442 256 1485 reta
266 1451 316 1501 pro
329 1450 371 1484 me
383 1438 503 1501 suscipe,
516 1443 544 1488 et
555 1435 682 1502 precibus
694 1438 748 1501 piis

146 1502 265 1571 Superos
276 1504 375 1566 adura,
387 1513 479 1563 manet
489 1514 520 1555 ut
532 1521 661 1572 praesens
672 1513 765 1557 metus

394 1659 413 1701 C
420 1657 448 1701 Η
458 1657 510 1700 OB
521 1657 542 1700 U
551 1659 568 1702 S
572 1685 579 1701 ι

71 1798 72 1802 ,
144 1756 235 1799 Laudat
247 1755 583 1817 Cheru(Puppmaefurru'mn.

86 1845 138 1899 165
152 1844 180 1896 Si
190 1831 256 1896 veri
266 1845 365 1915 loquax
376 1847 450 1897 fama
463 1847 605 1907 Tonantis,

147 1916 234 1967 Furta
246 1923 273 1967 et
283 1924 376 1985 gratus
388 1925 482 1966 narrat
492 1933 610 1978 amores,

149 1986 235 2046 Quem
250 1986 331 2037 modo
343 1985 436 2037 Ledae
448 1989 577 2052 pressisse
587 1989 678 2039 sinum

154 2056 272 2106 Tectum
283 2056 379 2122 plumis
390 2058 538 2123 pennisque
550 2056 656 2122 lerunt3

148 2125 233 2175 Modo
245 2140 295 2191 per
305 2124 404 2175 fluctus
416 2131 522 2192 raptam
534 2126 666 2193 Europen

85 2193 138 2242 ’Πο
149 2194 272 2259 {faurum
283 2201 361 2262 tergo
373 2201 498 2260 portasse
508 2201 627 2246 trucem:

107 2302 109 2305 .
149 2262 227 2322 Quae
238 2267 322 2331 regit,
335 2270 363 2316 et
373 2280 444 2314 nunc
455 2263 562 2315 deseret
574 2272 664 2330 astra;

148 2332 229 2383 Petet
240 2334 393 2399 amplexus,
406 2333 550 2400 Poppaea,
560 2339 634 2396 tuns,

150 2400 225 2462 Quos
238 2410 265 2453 et
276 2403 370 2454 Ledae
380 2401 520 2469 praeferre
532 2409 634 2468 potest,

147 2471 184 2519 Et
193 2472 257 2532 tibi,
270 2472 405 2539 quondam
417 2473 460 2522 cul
471 2473 579 2522 miranti

86 2537 138 2586 'l‘r5
149 2538 249 2601 Fulvo,
260 2539 372 2603 Danae,
384 2541 463 2591 tluxit
471 2543 499 2591 in
509 2556 585 2591 auro.

147 2608 277 2659 Formam
286 2609 384 2675 Sparte
395 2612 479 2661 iactet
490 2611 616 2662 alumnae

146 2676 241 2741 Licet,
253 2685 281 2729 et
292 2678 430 2747 Phrygius
443 2682 563 2745 praemia
575 2688 689 2746 pastor:

147 2747 248 2815 Vincet
258 2749 348 2799 vultus
359 2747 427 2800 haee
439 2750 625 2814 Tyndaridos,

148 2815 201 2881 Qui
212 2824 356 2870 mouerunt
366 2816 476 2868 horrida
486 2819 565 2880 bella,

81 2889 135 2948 780
149 2891 352 2967 Phrygiaeque
362 2889 517 2956 seluregna
523 2889 633 2938 dedere.

147 2967 210 3027 Sed
221 2969 290 3043 quis
301 2977 403 3039 gressu
413 2960 473 3011 ru'u
481 2957 613 3012 aunuum
705 2980 708 2983 ·

150 3048 211 3102 lut
221 3041 301 3120 quid
309 3042 437 3112 peeture
446 3031 546 3097 pnrtat
554 3017 672 3113 annexui.
