1912 3338
159 552 613 604 HERCULESOETAEUS.
650 554 783 604 AC'l'.ll.
822 554 872 606 29⁹

61 656 166 710 Palude
180 663 239 705 tota
249 658 353 706 varior
364 671 475 722 serpens
488 653 588 717 moret,
820 656 872 708 260

63 729 163 795 lgnara
174 727 258 787 rinei;
269 725 366 792 siquid
378 727 497 776 excessit
508 725 580 776 ferae

64 797 199 857 Immune,
211 794 313 856 dirum,
325 794 468 855 horribile,
480 811 533 862 quo
547 796 603 845 rino
615 795 750 846 llerculee

64 869 178 918 Avertat
190 864 296 916 oeulos:
309 863 361 915 hoc
370 867 429 917 sinu
441 867 572 916 immenso
585 872 666 915 exeat

66 937 118 988 Vel
129 936 152 986 ei
164 935 239 986 ferae
252 942 398 1002 negantur:
408 932 477 985 hanc
490 935 607 985 animam
618 949 716 999 precor
758 934 760 937 ’

66 1009 202 1057 Converte
212 1007 240 1054 in
251 1003 363 1071 aliquid!
386 1004 526 1070 quodlibet
538 1019 648 1071 pomum
660 1002 760 1053 malurn
823 1005 874 1055 265

65 1075 230 1127 llaemente
240 1074 308 1125 lieri.
345 1073 496 1125 Commoda
506 1073 623 1140 effigiem
635 1071 698 1123 nrihi

66 1146 166 1196 Parem
176 1144 275 1195 dolori:
288 1159 341 1194 non
353 1145 427 1210 capit
435 1150 530 1210 pectus
542 1145 638 1193 minae.

67 1214 140 1277 Quid
151 1215 256 1264 excutis
267 1213 371 1264 telluris
383 1221 522 1264 extremae
533 1214 616 1273 sinus,

67 1285 223 1351 orbemque
235 1281 343 1333 versari
366 1283 428 1350 quid
443 1298 524 1350 rogae
534 1283 625 1333 Ditem
637 1281 724 1333 mala!

67 1358 170 1405 Omnes
180 1354 207 1402 in
219 1353 272 1404 ieto
283 1359 394 1418 pectore
405 1354 525 1404 invenies
537 1352 618 1414 feras,
825 1354 875 1402 no

69 1427 144 1487 Quae
155 1423 257 1472 timuit:
270 1423 338 1474 odiis
349 1425 443 1488 accipe
454 1421 506 1472 hoc
517 1422 599 1473 telum
611 1423 678 1472 tuis:

66 1495 127 1562 Ego
139 1507 198 1544 aum
210 1491 340 1544 noverea!
358 1493 477 1544 Perdere
488 1492 598 1543 Alciden
610 1500 702 1559 potes:

66 1561 167 1615 Profer
178 1577 273 1613 manue
284 1577 455 1629 quocunque.
491 1560 561 1624 Quid
574 1576 680 1623 censae,
691 1560 759 1613 deal

67 1634 151 1686 Utere
163 1631 283 1683 furente!
299 1631 378 1693 Quod
389 1632 466 1683 iubes
476 1632 534 1683 fieri
546 1630 639 1682 nelae'l

67 1700 181 1770 Reperil
204 1701 274 1763 Quid
286 1699 398 1753 haeresi
419 1702 482 1769 lpea
492 1702 546 1752 iam
558 1718 649 1753 censes
661 1702 734 1763 licet
823 1699 874 1751 ²⁴¹5

67 1773 148 1824 llaec
157 1772 200 1822 ira
209 1772 276 1823 eatis
287 1780 336 1823 est
373 1785 474 1822 rora.
496 1773 620 1824 Pectoris
632 1773 691 1824 sani
703 1787 807 1838 purum,

67 1840 194 1901 illumne,
205 1849 317 1908 questus
327 1844 475 1909 comprime
487 1850 514 1892 et
526 1843 649 1894 llammae
660 1841 754 1893 doma!

68 1913 158 1963 Frena
169 1909 303 1963 dolorem!
320 1913 463 1979 coniugem
473 1911 587 1962 ostende
599 1911 739 1962 llerculin!

69 1997 88 2032 o
96 1995 113 2031 ι
121 1994 186 2031 rna.
198 1981 254 2031 lole
265 1981 332 2032 mein
343 1983 451 2046 captiva
460 1996 605 2048 germanos
617 1980 692 2031 dabit

70 2048 627 2117 Gnatis,lorisquelietelamulanuruel
657 2056 661 2064 '
824 2050 876 2100 28⁰

68 2120 139 2172 Num
151 2117 260 2170 flamma
271 2135 365 2171 rursus
377 2121 479 2186 pariter
491 2126 519 2169 et
530 2126 638 2169 torrens
648 2117 747 2180 serent,

70 2193 103 2242 ret
115 2190 185 2241 Ursa
196 2197 308 2256 pontum
320 2191 394 2240 nicea
404 2189 560 2240 coeruleum
572 2187 663 2240 bibet?

67 2259 128 2312 Non
139 2259 185 2309 ibo
196 2259 293 2309 inulta!
317 2260 441 2310 Gesseris
453 2258 557 2309 eoelum
569 2257 643 2319 lieet,

69 2331 212 2395 'lotosque
224 2343 318 2396 pacem
332 2327 431 2381 debeat
443 2329 558 2380 mundus
568 2328 631 2379 tibi:

70 2400 120 2450 Est
131 2399 231 2465 aliquid
241 2396 332 2463 hydra
343 2399 446 2465 potius,
457 2400 544 2449 iratae
555 2398 635 2449 dolor
825 2400 877 2451 285

70 2470 187 2535 Nuptae.
225 2468 291 2528 Quia
302 2469 372 2571 ipnie
383 2476 474 2519 tantus
487 2470 513 2519 in
525 2469 629 2520 eoelum
641 2466 708 2519 furit

70 2538 195 2589 Ardentis
206 2538 323 2589 Aetnae.
349 2539 485 2606 Quidquid
497 2545 539 2590 eet
551 2541 650 2591 rictum
664 2539 722 2602 tibi,

72 2608 126 2658 llic
136 2608 227 2658 vincet
238 2607 351 2659 animus.
388 2611 474 2675 Capta
487 2611 636 2676 praeripiet
648 2607 740 2661 torosi

70 2675 165 2728 Adhuc
176 2676 305 2728 timebam
318 2688 453 2741 monstra3
465 2681 517 2729 iam
530 2679 630 2734 nullum
643 2687 685 2731 ent
697 2679 805 2730 malum.

71 2749 185 2800 Cernere
197 2752 302 2814 pestem
313 2748 437 2800 inlocum
451 2751 523 2800 veuit
532 2749 608 2801 lenae
826 2744 877 2797 2⁹0

70 2817 161 2869 lnriea
171 2816 268 2883 pellex.
307 2815 416 2870 Summe
428 2817 495 2885 proh
508 2828 600 2871 rector
612 2820 701 2875 deum.

70 2888 105 2938 Et
115 2887 189 2938 clare
200 2887 297 2944 Titan,
309 2888 435 2939 llereulia
446 2894 552 2940 tantum
563 2888 601 2940 fui

69 2957 177 3008 Coniux
187 2957 314 3009 tinentia.
352 2958 425 3011 Vota
434 2975 503 3026 quae
515 2957 627 3027 Superis
639 2957 698 3020 tuli,

69 3027 181 3075 Cessare
192 3032 304 3090 captae,·
315 3029 406 3094 pellici
419 3027 487 3082 felix
497 3027 549 3083 lui.

52 3092 99 3140 ¹¹¹¹
106 3107 185 3142 ”¹0⁸⁸
195 3093 327 3162 audatis,
342 3118 360 3155 o
372 3099 495 3171 Superi,
508 3102 629 3176 preeee'.
