1920 3300
30 591 34 596 v
107 523 161 575 nro
304 520 489 574 remotus
510 519 706 576 SENEan

108 614 190 709 prosa
203 646 331 690 oratione
342 639 486 705 quaedam,
502 655 535 691 et
546 640 644 705 quibus
655 638 806 705 intelligas,
827 636 905 689 iiium

109 726 162 760 non
174 709 328 774 perdidisse
341 723 469 773 opernm,
490 709 564 775 quod
575 710 694 760 Ennium
709 708 788 775 legit.
823 706 907 760 Ponit

108 778 208 829 deinde
219 792 290 843 quoe
302 778 373 844 opud
387 778 544 828 Ciceronem
556 776 753 842 reprehendat,
765 777 907 841 quesiEo·

108 847 200 906 niano,
211 847 284 912 quod
296 847 337 897 ita
348 848 491 913 scripserit
502 847 527 896 in
539 847 617 897 libris
628 847 662 896 de
675 845 839 911 itepubiics:
862 845 906 907 Ut,

107 916 238 968 Menelao
256 915 362 966 Laconi
379 915 430 965 fuit
446 915 643 980 suaviloquens
658 914 823 965 iucunditas.
859 914 906 978 Et,

108 984 182 1050 quod
192 984 250 1036 alio
261 985 289 1035 in
300 984 362 1034 ioco
374 982 486 1045 dixerit,
506 982 761 1050 Breriioquentiatn
774 984 802 1034 in
816 982 905 1035 dicen·

108 1053 144 1103 do
157 1055 240 1104 colet.
278 1052 397 1103 Deinde:
417 1051 478 1103 Non
490 1052 551 1114 suit,
566 1054 658 1118 inquit
669 1051 784 1113 Seneca,
796 1052 905 1103 Cicero·

108 1123 151 1173 nis
163 1122 215 1173 hoc
226 1122 332 1181 citium,
343 1120 391 1172 sed
404 1121 546 1186 temporis.
581 1119 700 1172 Necesse
712 1129 773 1171 erat
785 1120 856 1173 hoec
866 1121 905 1172 di-

107 1191 140 1251 ci,
158 1206 240 1257 quum
252 1189 302 1240 itta
312 1190 479 1256 legerentur.
515 1189 623 1240 Deinde
636 1189 779 1254 adscribit,
793 1192 903 1242 Cicero-

107 1275 170 1311 nem
188 1257 256 1311 haec
270 1260 332 1325 ipsa
347 1260 549 1324 interposuisse
565 1258 600 1309 ad
623 1259 810 1325 effugiendum
832 1260 903 1312 inia-

107 1331 190 1380 minm
208 1329 290 1379 nimis
306 1330 425 1379 lascivae
443 1329 576 1379 orationis
592 1336 620 1379 et
637 1329 750 1380 nitidne.
790 1328 906 1380 DeVir·

108 1399 175 1464 gilio
189 1413 297 1464 quoque
310 1397 406 1450 eodem
421 1400 445 1447 in
459 1398 520 1447 ioco
534 1399 616 1448 rerbn
630 1396 698 1448 iraec
709 1399 800 1463 ponit:
814 1399 905 1465 Virgi-

107 1469 162 1519 lius
175 1482 283 1533 quoque
295 1473 390 1516 noster
403 1482 456 1517 non
469 1480 500 1517 cx
514 1466 571 1517 siin
581 1482 665 1517 causa
676 1466 760 1517 duros
771 1468 904 1533 quosdam

109 1553 215 1599 versus,
236 1544 264 1588 et
276 1551 411 1597 enormes,
432 1542 460 1588 et
471 1535 574 1602 aliquid
586 1551 672 1601 suprn
683 1551 840 1587 mensurum
853 1545 906 1588 tru-

109 1605 207 1657 hentes
220 1606 396 1670 interposuit,
408 1620 488 1670 quam
502 1612 531 1654 ut
543 1608 683 1656 Ertniunus
694 1606 813 1671 populus
823 1621 908 1674 agno·

109 1683 200 1727 sceret
216 1676 242 1725 in
260 1690 330 1725 noro
347 1677 468 1725 carmine
484 1674 657 1739 antiquitatis
668 1673 784 1741 ntiquid.
821 1675 908 1727 Addit

109 1758 163 1794 iton
180 1743 269 1794 multo
286 1750 347 1809 post
358 1758 391 1795 es
402 1744 517 1795 Seneca:
539 1744 656 1805 Quidum
670 1749 733 1793 sunt
743 1750 801 1794 tam
815 1746 908 1812 magni

109 1827 206 1865 sensns
223 1812 255 1873 Q.
268 1813 363 1873 Ennii,
385 1820 415 1864 ut
431 1814 499 1864 iicet
509 1812 608 1878 scripti
619 1817 674 1863 sint
687 1813 761 1863 inter
772 1811 908 1874 hircosus,

109 1884 214 1947 possint
226 1888 319 1932 tannen
334 1884 408 1933 inter
418 1889 605 1948 unguentatos
617 1882 737 1948 placere.
774 1882 811 1933 Et
823 1899 906 1950 quum

107 1950 329 2018 reprehendisset
344 1967 440 2002 rursus
457 1967 525 2017 quos
541 1967 624 2018 supro
635 1953 669 2003 de
680 1951 804 2018 Cethego
816 1955 908 2018 pusui-

106 2036 176 2081 nrus,
187 2021 240 2084 Qui
252 2021 417 2081 huiusmodi,
427 2023 526 2087 inquit,
537 2036 633 2073 versus
644 2029 746 2081 emunt,
758 2021 843 2072 iiceut
856 2021 908 2072 sibi

66 2104 68 2106 ·
108 2090 218 2142 eusdem
237 2091 371 2141 admirari
389 2098 416 2142 et
429 2089 548 2141 Soterici
564 2089 663 2141 lectos.
701 2090 805 2141 Audias
817 2098 908 2142 tomen

108 2160 319 2212 commemorari
332 2174 364 2211 nc
375 2159 473 2211 reterri
487 2174 576 2225 penca
588 2158 738 2226 quaedum,
760 2175 833 2226 quae
848 2163 908 2227 ipsc

106 2229 180 2282 idem
196 2230 301 2282 Seneca
316 2230 386 2281 bene
403 2228 518 2281 dixeritr
540 2231 620 2295 qunie
636 2238 679 2279 est
695 2228 766 2279 iiiud
784 2232 859 2295 quod
881 2232 908 2281 in

107 2296 244 2350 huminem
266 2313 380 2349 arvorum
402 2306 431 2349 et
446 2297 556 2350 aridum
572 2305 601 2350 et
617 2301 751 2364 pecunius
766 2299 907 2351 sitientem

108 2367 193 2417 dixit:
213 2362 286 2428 Quid
300 2368 372 2417 enim
384 2367 472 2418 refert
484 2374 617 2433 quantum
629 2365 748 2418 habeas!
770 2369 860 2421 multo
875 2370 906 2420 ii-

107 2436 154 2487 iud
167 2435 228 2502 pius
241 2434 367 2500 estquod
380 2451 433 2486 non
445 2436 540 2488 habes.

249 2518 474 2572 Tertullianus&
486 2520 586 2582 anima,
597 2537 657 2589 cop.
670 2517 767 2574 xm.

158 2605 249 2655 Multo
260 2605 383 2655 coactius
396 2606 512 2657 Seneca:
536 2613 737 2672 postmortem,
749 2605 799 2667 nit,
814 2609 908 2657 onustis

106 2675 247 2735 finiuntur,
259 2676 342 2725 etiam
355 2675 424 2739 ipsa.

225 2755 390 2808 Lactantius
402 2755 484 2807 divin.
495 2756 559 2808 inst.
570 2755 614 2807 tit.
627 2755 650 2818 Ι,
660 2771 720 2823 cop.
734 2755 784 2808 W.

155 2842 284 2891 Annaeus
298 2837 581 2905 quoqueSeuecn,qui
593 2855 625 2891 ex
632 2840 764 2891 Romanis
775 2842 819 2894 rei
831 2856 906 2894 scer·

93 2910 188 2962 riorus
196 2908 312 2962 Stoicus
324 2907 388 2972 suit,
411 2922 492 2976 quum
504 2924 588 2975 coepe
599 2924 735 2960 summum
749 2911 841 2963 Deum
854 2927 908 2961 mc·

80 2980 140 3030 ries
163 2981 254 3034 leude
275 2979 483 3053 prosequituri
507 2979 583 3034 Num
604 2993 688 3048 nurum
706 2979 742 3030 dc
757 2981 908 3031 inimatum

67 3057 172 3105 inerte
182 3052 361 3125 dissereret,
370 3054 438 3111 Non
449 3049 922 3125 inteiiigisduttti'tismmmm
