<?xml version="1.0" encoding="UTF-8"?>
<!DOCTYPE html PUBLIC "-//W3C//DTD XHTML 1.0 Transitional//EN"
    "http://www.w3.org/TR/xhtml1/DTD/xhtml1-transitional.dtd">
<html xmlns="http://www.w3.org/1999/xhtml" xml:lang="en" lang="en">
 <head>
  <title>
</title>
<meta http-equiv="Content-Type" content="text/html;charset=utf-8" />
  <meta name='ocr-system' content='tesseract 3.04.00' />
  <meta name='ocr-capabilities' content='ocr_page ocr_carea ocr_par ocr_line ocrx_word'/>
</head>
<body>
  <div class='ocr_page' id='page_1' title='image "./lannaeisenecaep00senegoog_0622.png"; bbox 0 0 1912 3338; ppageno 0'>
   <div class='ocr_carea' id='block_1_1' title="bbox 403 2 900 1455">
    <p class='ocr_par' dir='ltr' id='par_1_1' title="bbox 403 2 900 1261">
     <span class='ocr_line' id='line_1_1' title="bbox 459 2 838 67; baseline -0.095 0"><span class='ocrx_word' id='word_1_1' title='bbox 459 17 527 67; x_wconf 79' lang='lat' dir='ltr'>Cum</span> <span class='ocrx_word' id='word_1_2' title='bbox 537 9 612 58; x_wconf 82' lang='lat' dir='ltr'>lenta</span> <span class='ocrx_word' id='word_1_3' title='bbox 622 10 734 63; x_wconf 83' lang='lat' dir='ltr'>serpens</span> <span class='ocrx_word' id='word_1_4' title='bbox 752 2 805 38; x_wconf 61' lang='lat' dir='ltr'>uer</span> <span class='ocrx_word' id='word_1_5' title='bbox 831 21 838 45; x_wconf 89' lang='lat'><strong>‚</strong></span> 
     </span>
     <span class='ocr_line' id='line_1_2' title="bbox 458 54 900 135; baseline -0.084 0"><span class='ocrx_word' id='word_1_6' title='bbox 458 83 539 135; x_wconf 86' lang='lat' dir='ltr'>Nune</span> <span class='ocrx_word' id='word_1_7' title='bbox 549 75 673 126; x_wconf 84' lang='lat' dir='ltr'>flecteret</span> <span class='ocrx_word' id='word_1_8' title='bbox 684 65 810 128; x_wconf 79' lang='lat' dir='ltr'>serpente</span> <span class='ocrx_word' id='word_1_9' title='bbox 822 54 900 118; x_wconf 75' lang='lat' dir='ltr'>depos</span> 
     </span>
     <span class='ocr_line' id='line_1_3' title="bbox 461 133 900 205; baseline -0.082 -1"><span class='ocrx_word' id='word_1_10' title='bbox 461 155 498 205; x_wconf 82' lang='lat' dir='ltr'>Et</span> <span class='ocrx_word' id='word_1_11' title='bbox 508 145 580 199; x_wconf 88' lang='lat' dir='ltr'>mille</span> <span class='ocrx_word' id='word_1_12' title='bbox 590 143 617 192; x_wconf 91' lang='lat' dir='ltr'>in</span> <span class='ocrx_word' id='word_1_13' title='bbox 630 138 709 189; x_wconf 84' lang='lat' dir='ltr'>hoste</span> <span class='ocrx_word' id='word_1_14' title='bbox 721 133 842 181; x_wconf 75' lang='lat' dir='ltr'>vinceres</span> <span class='ocrx_word' id='word_1_15' title='bbox 853 135 900 172; x_wconf 79' lang='lat' dir='ltr'>un(</span> 
     </span>
     <span class='ocr_line' id='line_1_4' title="bbox 403 189 898 280; baseline -0.081 -2"><span class='ocrx_word' id='word_1_16' title='bbox 403 227 454 278; x_wconf 65' lang='grc' dir='ltr'>ΒΜ)</span> <span class='ocrx_word' id='word_1_17' title='bbox 464 225 522 273; x_wconf 80' lang='lat' dir='ltr'>lam</span> <span class='ocrx_word' id='word_1_18' title='bbox 533 202 719 280; x_wconf 78' lang='lat' dir='ltr'>displicemus,</span> <span class='ocrx_word' id='word_1_19' title='bbox 730 204 813 265; x_wconf 79' lang='lat' dir='ltr'>eapte</span> <span class='ocrx_word' id='word_1_20' title='bbox 823 189 898 261; x_wconf 83' lang='lat' dir='ltr'>praei</span> 
     </span>
     <span class='ocr_line' id='line_1_5' title="bbox 465 259 898 351; baseline -0.081 -8"><span class='ocrx_word' id='word_1_21' title='bbox 465 290 527 343; x_wconf 87' lang='lat' dir='ltr'>Non</span> <span class='ocrx_word' id='word_1_22' title='bbox 538 281 704 351; x_wconf 77' lang='lat' dir='ltr'>perferetur:</span> <span class='ocrx_word' id='word_1_23' title='bbox 718 272 762 339; x_wconf 90' lang='lat' dir='ltr'>qui</span> <span class='ocrx_word' id='word_1_24' title='bbox 774 267 831 316; x_wconf 88' lang='lat' dir='ltr'>dies</span> <span class='ocrx_word' id='word_1_25' title='bbox 841 259 898 312; x_wconf 88' lang='lat' dir='ltr'>thal</span> 
     </span>
     <span class='ocr_line' id='line_1_6' title="bbox 466 331 898 414; baseline -0.081 -1"><span class='ocrx_word' id='word_1_26' title='bbox 466 356 560 414; x_wconf 82' lang='lat' dir='ltr'>Nostn·</span> <span class='ocrx_word' id='word_1_27' title='bbox 571 357 613 403; x_wconf 90' lang='lat' dir='ltr'>est</span> <span class='ocrx_word' id='word_1_28' title='bbox 623 349 744 402; x_wconf 81' lang='lat' dir='ltr'>futurus,</span> <span class='ocrx_word' id='word_1_29' title='bbox 756 337 800 388; x_wconf 84' lang='lat' dir='ltr'>hie</span> <span class='ocrx_word' id='word_1_30' title='bbox 811 335 863 385; x_wconf 86' lang='lat' dir='ltr'>erit</span> <span class='ocrx_word' id='word_1_31' title='bbox 873 331 898 379; x_wconf 77' lang='lat' dir='ltr'>ri</span> 
     </span>
     <span class='ocr_line' id='line_1_7' title="bbox 470 408 900 492; baseline -0.077 -11"><span class='ocrx_word' id='word_1_32' title='bbox 470 425 542 492; x_wconf 74' lang='lat' dir='ltr'>Quid</span> <span class='ocrx_word' id='word_1_33' title='bbox 552 419 622 474; x_wconf 72' lang='lat' dir='ltr'>huet</span> <span class='ocrx_word' id='word_1_34' title='bbox 643 413 747 467; x_wconf 84' lang='lat' dir='ltr'>recedit</span> <span class='ocrx_word' id='word_1_35' title='bbox 759 408 876 461; x_wconf 85' lang='lat' dir='ltr'>enimus,</span> <span class='ocrx_word' id='word_1_36' title='bbox 888 414 900 450; x_wconf 90' lang='lat' dir='ltr'>e</span> 
     </span>
     <span class='ocr_line' id='line_1_8' title="bbox 468 469 900 551; baseline -0.079 0"><span class='ocrx_word' id='word_1_37' title='bbox 468 502 527 551; x_wconf 79' lang='lat' dir='ltr'>lam</span> <span class='ocrx_word' id='word_1_38' title='bbox 537 492 620 545; x_wconf 83' lang='lat' dir='ltr'>cessit</span> <span class='ocrx_word' id='word_1_39' title='bbox 632 489 682 538; x_wconf 82' lang='lat' dir='ltr'>irs.</span> <span class='ocrx_word' id='word_1_40' title='bbox 718 477 789 541; x_wconf 73' lang='lat' dir='ltr'>Quid</span> <span class='ocrx_word' id='word_1_41' title='bbox 800 469 900 525; x_wconf 81' lang='lat' dir='ltr'>miseri</span> 
     </span>
     <span class='ocr_line' id='line_1_9' title="bbox 410 544 900 624; baseline -0.078 0"><span class='ocrx_word' id='word_1_42' title='bbox 410 574 461 624; x_wconf 73' lang='lat' dir='ltr'>tto</span> <span class='ocrx_word' id='word_1_43' title='bbox 471 563 567 620; x_wconf 85' lang='lat' dir='ltr'>Perdis</span> <span class='ocrx_word' id='word_1_44' title='bbox 577 561 712 615; x_wconf 79' lang='lat' dir='ltr'>furorem3</span> <span class='ocrx_word' id='word_1_45' title='bbox 724 544 845 611; x_wconf 80' lang='lat' dir='ltr'>coniugis</span> <span class='ocrx_word' id='word_1_46' title='bbox 857 547 900 589; x_wconf 86' lang='lat' dir='ltr'>tac</span> 
     </span>
     <span class='ocr_line' id='line_1_10' title="bbox 472 610 900 690; baseline -0.077 -1"><span class='ocrx_word' id='word_1_47' title='bbox 472 635 540 690; x_wconf 82' lang='lat' dir='ltr'><strong>Mihi</strong></span> <span class='ocrx_word' id='word_1_48' title='bbox 551 627 642 683; x_wconf 86' lang='lat' dir='ltr'>reddis</span> <span class='ocrx_word' id='word_1_49' title='bbox 652 627 760 674; x_wconf 87' lang='lat' dir='ltr'>iterum.</span> <span class='ocrx_word' id='word_1_50' title='bbox 796 610 868 675; x_wconf 75' lang='lat' dir='ltr'>Quid</span> <span class='ocrx_word' id='word_1_51' title='bbox 878 624 900 657; x_wconf 73' lang='lat' dir='ltr'>rr</span> 
     </span>
     <span class='ocr_line' id='line_1_11' title="bbox 475 685 900 769; baseline -0.073 -11"><span class='ocrx_word' id='word_1_52' title='bbox 475 704 545 769; x_wconf 77' lang='lat' dir='ltr'>Quid</span> <span class='ocrx_word' id='word_1_53' title='bbox 557 696 659 763; x_wconf 75' lang='lat' dir='ltr'>frangis</span> <span class='ocrx_word' id='word_1_54' title='bbox 669 686 762 758; x_wconf 77' lang='lat' dir='ltr'>ignesi</span> <span class='ocrx_word' id='word_1_55' title='bbox 783 685 864 733; x_wconf 85' lang='lat' dir='ltr'>Hune</span> <span class='ocrx_word' id='word_1_56' title='bbox 876 693 900 728; x_wconf 88' lang='lat' dir='ltr'>m</span> 
     </span>
     <span class='ocr_line' id='line_1_12' title="bbox 475 750 900 831; baseline -0.082 -1"><span class='ocrx_word' id='word_1_57' title='bbox 475 779 562 831; x_wconf 79' lang='lat' dir='ltr'>Pares</span> <span class='ocrx_word' id='word_1_58' title='bbox 572 779 693 825; x_wconf 57' lang='lat' dir='ltr'>eremum</span> <span class='ocrx_word' id='word_1_59' title='bbox 705 773 759 808; x_wconf 91' lang='lat' dir='ltr'>non</span> <span class='ocrx_word' id='word_1_60' title='bbox 770 760 831 805; x_wconf 84' lang='lat' dir='ltr'>erat</span> <span class='ocrx_word' id='word_1_61' title='bbox 841 750 900 798; x_wconf 76' lang='lat' dir='ltr'>voti</span> 
     </span>
     <span class='ocr_line' id='line_1_13' title="bbox 477 834 899 899; baseline -0.081 1"><span class='ocrx_word' id='word_1_62' title='bbox 477 844 569 899; x_wconf 77' lang='lat' dir='ltr'>Aderit</span> <span class='ocrx_word' id='word_1_63' title='bbox 580 845 711 892; x_wconf 75' lang='lat' dir='ltr'>noverca,</span> <span class='ocrx_word' id='word_1_64' title='bbox 724 840 793 894; x_wconf 81' lang='lat' dir='ltr'>quae</span> <span class='ocrx_word' id='word_1_65' title='bbox 804 834 899 871; x_wconf 76' lang='lat' dir='ltr'>uranus</span> 
     </span>
     <span class='ocr_line' id='line_1_14' title="bbox 419 887 899 974; baseline -0.083 1"><span class='ocrx_word' id='word_1_66' title='bbox 419 923 469 974; x_wconf 72' lang='lat'>315</span> <span class='ocrx_word' id='word_1_67' title='bbox 482 916 539 970; x_wconf 88' lang='lat' dir='ltr'>Nee</span> <span class='ocrx_word' id='word_1_68' title='bbox 548 909 685 962; x_wconf 77' lang='lat' dir='ltr'>invocate.</span> <span class='ocrx_word' id='word_1_69' title='bbox 705 908 806 948; x_wconf 73' lang='lat' dir='ltr'>suun.</span> <span class='ocrx_word' id='word_1_70' title='bbox 818 887 899 952; x_wconf 76' lang='lat' dir='ltr'>Quod</span> 
     </span>
     <span class='ocr_line' id='line_1_15' title="bbox 479 964 899 1039; baseline -0.086 1"><span class='ocrx_word' id='word_1_71' title='bbox 479 986 601 1039; x_wconf 84' lang='lat' dir='ltr'>Perimes</span> <span class='ocrx_word' id='word_1_72' title='bbox 612 972 751 1028; x_wconf 84' lang='lat' dir='ltr'>maritum,</span> <span class='ocrx_word' id='word_1_73' title='bbox 764 964 840 1014; x_wconf 87' lang='lat' dir='ltr'>cuius</span> <span class='ocrx_word' id='word_1_74' title='bbox 851 964 899 1008; x_wconf 80' lang='lat' dir='ltr'>ext</span> 
     </span>
     <span class='ocr_line' id='line_1_16' title="bbox 481 1033 900 1115; baseline -0.088 -5"><span class='ocrx_word' id='word_1_75' title='bbox 481 1057 642 1115; x_wconf 83' lang='lat' dir='ltr'>Primusque</span> <span class='ocrx_word' id='word_1_76' title='bbox 651 1039 747 1093; x_wconf 76' lang='lat' dir='ltr'>leudes</span> <span class='ocrx_word' id='word_1_77' title='bbox 758 1033 846 1092; x_wconf 84' lang='lat' dir='ltr'>nevit,</span> <span class='ocrx_word' id='word_1_78' title='bbox 859 1035 887 1079; x_wconf 88' lang='lat' dir='ltr'>et</span> <span class='ocrx_word' id='word_1_79' title='bbox 898 1046 900 1069; x_wconf 85' lang='grc' dir='ltr'>ι</span> 
     </span>
     <span class='ocr_line' id='line_1_17' title="bbox 482 1097 900 1179; baseline -0.086 1"><span class='ocrx_word' id='word_1_80' title='bbox 482 1127 583 1179; x_wconf 82' lang='lat' dir='ltr'>Erecta</span> <span class='ocrx_word' id='word_1_81' title='bbox 592 1125 680 1168; x_wconf 81' lang='lat' dir='ltr'>terras</span> <span class='ocrx_word' id='word_1_82' title='bbox 691 1107 766 1159; x_wconf 80' lang='lat' dir='ltr'>fenis</span> <span class='ocrx_word' id='word_1_83' title='bbox 775 1097 900 1167; x_wconf 80' lang='lat' dir='ltr'>supponit</span> 
     </span>
     <span class='ocr_line' id='line_1_18' title="bbox 485 1180 900 1261; baseline -0.087 -13"><span class='ocrx_word' id='word_1_84' title='bbox 485 1197 578 1261; x_wconf 81' lang='lat' dir='ltr'>Rogos</span> <span class='ocrx_word' id='word_1_85' title='bbox 588 1189 616 1238; x_wconf 88' lang='lat' dir='ltr'>in</span> <span class='ocrx_word' id='word_1_86' title='bbox 625 1187 693 1235; x_wconf 86' lang='lat' dir='ltr'>istos</span> <span class='ocrx_word' id='word_1_87' title='bbox 703 1185 779 1228; x_wconf 79' lang='lat' dir='ltr'>terra</span> <span class='ocrx_word' id='word_1_88' title='bbox 789 1180 900 1231; x_wconf 71' lang='lat' dir='ltr'>consurg</span> 
     </span>
    </p>

    <p class='ocr_par' dir='ltr' id='par_1_2' title="bbox 425 1238 900 1386">
     <span class='ocr_line' id='line_1_19' title="bbox 425 1238 900 1325; baseline -0.08 -4"><span class='ocrx_word' id='word_1_89' title='bbox 425 1270 476 1319; x_wconf 76' lang='lat'>320</span> <span class='ocrx_word' id='word_1_90' title='bbox 485 1266 645 1325; x_wconf 88' lang='lat' dir='ltr'>Domusque</span> <span class='ocrx_word' id='word_1_91' title='bbox 656 1248 742 1302; x_wconf 82' lang='lat' dir='ltr'>soceri</span> <span class='ocrx_word' id='word_1_92' title='bbox 754 1244 843 1310; x_wconf 78' lang='lat' dir='ltr'>prinus</span> <span class='ocrx_word' id='word_1_93' title='bbox 853 1243 881 1287; x_wconf 89' lang='lat' dir='ltr'>et</span> <span class='ocrx_word' id='word_1_94' title='bbox 891 1238 900 1283; x_wconf 71' lang='lat' dir='ltr'>t</span> 
     </span>
     <span class='ocr_line' id='line_1_20' title="bbox 488 1305 900 1386; baseline -0.085 1"><span class='ocrx_word' id='word_1_95' title='bbox 488 1333 632 1386; x_wconf 86' lang='lat' dir='ltr'>Sternetur</span> <span class='ocrx_word' id='word_1_96' title='bbox 644 1334 737 1379; x_wconf 88' lang='lat' dir='ltr'>omne;</span> <span class='ocrx_word' id='word_1_97' title='bbox 749 1327 816 1364; x_wconf 77' lang='lat' dir='ltr'>seia</span> <span class='ocrx_word' id='word_1_98' title='bbox 826 1305 900 1358; x_wconf 49' lang='lat' dir='ltr'>innui*</span> 
     </span>
    </p>

    <p class='ocr_par' dir='ltr' id='par_1_3' title="bbox 488 1373 900 1455">
     <span class='ocr_line' id='line_1_21' title="bbox 488 1373 900 1455; baseline -0.083 1"><span class='ocrx_word' id='word_1_99' title='bbox 488 1407 518 1455; x_wconf 93' lang='lat' dir='ltr'>ln</span> <span class='ocrx_word' id='word_1_100' title='bbox 532 1409 559 1453; x_wconf 86' lang='lat' dir='ltr'>te</span> <span class='ocrx_word' id='word_1_101' title='bbox 571 1396 707 1450; x_wconf 61' lang='lat' dir='ltr'>ferentum</span> <span class='ocrx_word' id='word_1_102' title='bbox 720 1382 852 1435; x_wconf 85' lang='lat' dir='ltr'>vindicem</span> <span class='ocrx_word' id='word_1_103' title='bbox 865 1373 900 1425; x_wconf 86' lang='lat' dir='ltr'>tei</span> 
     </span>
    </p>
   </div>
   <div class='ocr_carea' id='block_1_2' title="bbox 0 0 960 3338">
    <p class='ocr_par' dir='ltr' id='par_1_4' title="bbox 0 0 960 3338">
     <span class='ocr_line' id='line_1_22' title="bbox 0 0 960 3338; baseline 0 0"><span class='ocrx_word' id='word_1_104' title='bbox 0 0 960 3338; x_wconf 95' lang='lat' dir='ltr'> </span> 
     </span>
    </p>
   </div>
  </div>
 </body>
</html>
