1920 3376
105 580 139 632 30
395 580 617 632 SENECAE

105 697 148 748 di:
172 712 271 760 senex,
282 706 313 749 ut
323 697 454 749 indecora
466 700 542 749 cauis
555 699 719 764 deponeret,
730 702 758 749 st
769 696 803 748 de
815 705 906 749 morta

104 767 211 832 aliquid
222 768 368 832 cogitaret.
404 767 430 818 5.
450 770 490 818 ild
503 768 555 818 buc
568 782 659 818 reruni
675 775 775 817 natura
786 767 906 816 faculta-

104 843 160 886 tem
173 837 251 885 nobis
263 836 349 898 dedit,
363 840 547 901 nosmetipsos
557 836 679 887 ridendi.
715 835 791 885 Fons
804 836 907 902 cuique

103 905 263 970 perlucidus
273 916 321 956 aut
333 906 411 956 luere
422 921 517 955 saxum
530 907 677 970 imaginem
691 904 791 955 reddit.

309 1002 340 1012 -
355 1001 386 1012 —-
400 974 495 1041 Nuper
508 990 547 1024 me
557 974 586 1025 in
597 975 675 1024 litore
685 973 749 1034 vicli,

166 1042 252 1105 Quium
260 1043 400 1110 placidum
413 1044 499 1094 oeulis
510 1051 596 1094 staret
609 1059 690 1092 errore.
704 1069 736 1078 -
749 1069 781 1079 -

106 1113 222 1171 Qualem
236 1112 321 1162 fuisso
333 1112 437 1161 collum
451 1120 533 1178 putas
545 1112 580 1161 ad
593 1110 645 1161 boc
656 1111 799 1176 speculum
811 1126 908 1161 secer·

105 1181 246 1231 nentium?
268 1184 351 1231 ,letas
363 1181 411 1229 illa
422 1181 589 1246 simplicior,
611 1189 640 1231 et
650 1180 777 1229 fortuitis
789 1191 905 1230 conten·

104 1258 146 1310 ta,
170 1249 291 1298 nondum
304 1250 331 1299 in
346 1250 444 1299 vitium
460 1251 622 1300 barieficium
635 1249 834 1314 detorquebat,
855 1264 908 1298 nce

104 1327 244 1368 sorentum
268 1327 384 1369 naturae
400 1318 426 1367 in
444 1319 588 1369 libidinem
606 1319 907 1384 luxumqueropiebat.

104 1389 128 1438 o.
142 1386 236 1437 Primo
248 1386 345 1438 faciem
359 1403 437 1437 suam
451 1388 550 1454 cuiquo
562 1403 641 1437 casus
653 1385 793 1438 ostendit:
804 1387 907 1437 ‹lcimle

105 1472 187 1522 quum
200 1458 299 1506 insitus
311 1458 353 1507 sui
367 1459 529 1507 ruortalibus
541 1456 733 1507 anliirdulcenl
742 1456 905 1522 adspectum

105 1525 212 1576 lormae
223 1541 290 1576 susc
301 1526 416 1586 faceri-t,
427 1527 538 1592 saepius
550 1542 582 1576 ea
594 1526 754 1592 despexero,
765 1527 792 1575 iu
805 1527 907 1592 quilius

106 1596 182 1661 prius
194 1594 299 1659 effigies
311 1611 376 1644 suos
388 1596 523 1647 videraut.
562 1596 709 1660 Postquam
723 1595 847 1645 deterior
859 1610 907 1658 po·

104 1665 184 1727 polus
194 1666 280 1714 subiit
293 1666 320 1713 in
331 1667 406 1731 ipsas
420 1678 517 1726 terras,
525 1665 679 1716 effossuros
690 1666 841 1723 obruenda,
854 1665 908 1713 ler-

105 1748 163 1783 rum
177 1733 265 1798 primo
278 1735 304 1783 in
315 1749 365 1784 usu
377 1734 444 1794 luit,
466 1742 495 1785 rt
511 1735 538 1785 in
556 1735 680 1785 homines
698 1735 810 1799 impunc
828 1748 907 1784 orue-

103 1807 178 1863 rant,
197 1805 219 1850 si
238 1805 328 1854 solum
341 1805 487 1856 eruissent.
524 1806 548 1853 7.
569 1803 647 1855 Trinc
660 1803 768 1854 deiimru
782 1804 839 1853 alia
853 1812 907 1853 tor·

106 1886 155 1921 rao
168 1871 257 1934 nrals,
278 1888 392 1938 quorum
406 1873 524 1924 laer-itas
536 1872 612 1922 uliud
625 1873 772 1940 agentibus
784 1872 905 1938 speciem

102 1955 179 1990 suum
193 1942 305 2000 obtulit,
318 1958 398 2008 quam
411 1941 456 1993 bic
467 1945 495 1992 in
508 1942 617 2007 poculo,
629 1943 677 1994 ille
688 1944 716 1993 iu
729 1957 793 1992 noro
805 1941 839 1991 ad
853 1941 904 1991 ali-

102 2023 171 2074 quos
189 2024 254 2059 usus
270 2019 430 2076 comparato
448 2011 530 2061 vidit:
552 2020 581 2061 ot
602 2026 666 2062 mox
688 2012 816 2077 proprius
841 2010 906 2060 buia

103 2079 260 2130 ministerio
283 2089 465 2147 praeparatus
482 2088 524 2129 est
539 2082 628 2143 orbis,
651 2081 771 2131 nondum
794 2080 905 2146 argenti

103 2150 191 2208 nitor,
213 2147 261 2198 sod
281 2150 388 2214 fragilis
405 2149 521 2215 uilisque
538 2154 664 2201 oratoria.
701 2152 903 2215 'l'uncquoquo

103 2233 186 2284 quum
203 2218 308 2284 antiqui
323 2219 364 2269 illi
378 2220 428 2269 riri
439 2219 582 2270 incondite
596 2224 734 2279 vicerunt,
756 2221 827 2269 sotis
839 2220 903 2278 uiti-

103 2288 145 2346 di,
164 2287 187 2335 si
204 2288 361 2352 squalorem
378 2304 460 2354 opero
479 2288 626 2339 collectum
649 2289 767 2339 advorso
790 2287 904 2339 ilninino

103 2356 310 2415 cluerenucurs
323 2373 430 2409 comme
443 2359 573 2423 capillum
588 2358 686 2419 luibae
698 2359 902 2424 promimmtom

103 2425 215 2474 barbam
229 2425 390 2489 depectere:
403 2428 428 2476 8.
441 2436 469 2477 et
482 2430 508 2477 in
522 2427 572 2477 bac
584 2443 613 2478 rc
626 2432 743 2495 quisquo
755 2427 819 2486 sibi,
831 2428 903 2476 olte-

103 2493 183 2558 riquc
211 2508 322 2557 operam
344 2494 426 2544 dabat
448 2497 576 2546 invicem.
614 2499 767 2564 Coningum
789 2497 903 2561 quidem

104 2576 184 2611 riisnu
197 2563 280 2612 crinis
293 2563 354 2623 ille,
365 2579 445 2630 quem
458 2564 599 2616 offundere
612 2568 678 2618 olim
691 2582 750 2616 mos
764 2567 830 2614 siris
843 2565 906 2625 luit,

104 2631 320 2682 autticctabatum
343 2634 391 2684 scd
410 2635 489 2684 illurn
506 2636 559 2685 sibi
575 2636 635 2686 sine
652 2636 710 2685 ullo
728 2636 836 2685 ortilicc
849 2633 906 2684 lor·

104 2702 173 2749 mosi
197 2703 369 2766 quatiebant,
391 2720 444 2753 non
461 2704 545 2755 alitor
561 2720 641 2770 quam
656 2706 750 2755 iulium
766 2719 906 2770 goucrosa

104 2769 242 2821 animalia.
280 2772 381 2824 Postea
393 2789 483 2824 rurum
497 2777 549 2823 iam
563 2777 686 2838 poticutc
698 2775 818 2831 luxurio,
841 2789 904 2837 spc-

104 2839 166 2888 cula
176 2844 244 2890 totis
256 2845 334 2905 paria
344 2844 510 2909 corporibus
520 2858 590 2894 auro
603 2852 776 2910 mgentoqoo
793 2843 905 2894 caelata

103 2916 183 2972 sunt,
205 2911 323 2978 denique
339 2914 454 2978 genimis
466 2912 615 2964 adornata:
637 2922 664 2963 ot
676 2914 761 2978 pluris
773 2925 856 2960 unnim
869 2925 906 2962 cx

99 2976 279 3032 biafeminae
291 2983 516 3049 nonnumquam
528 2985 703 3048 antiquorum
717 2982 768 3030 dos
779 2981 832 3030 luit
845 2981 906 3041 illu,

72 3057 159 3116 ‚ivae
171 3050 292 3110 publico
310 3052 435 3106 dabatur
450 3055 652 3124 imperatorum
665 3066 816 3119 pauperum
832 3049 905 3098 lilia-

65 3118 130 3154 Μ’
173 3115 198 3164 9·
219 3119 266 3170 Ab
284 3129 317 3175 tu
333 3129 506 3190 existimus,
528 3141 562 3179 ex
575 3117 921 3178 uurnuitibnmbsbmsse
