1920 3278
25 434 26 437 ‘
74 415 156 492 'oo
396 437 617 491 seuucsu

103 561 130 611 in
142 556 254 610 sublimi
266 558 343 608 carin
354 555 460 624 ignium
473 556 582 623 concipi
589 569 700 623 genera,
707 562 735 608 et
745 556 829 608 modo
842 573 905 610 coe·

102 629 159 680 lum
172 627 278 687 ardere,
290 625 374 676 modu

162 695 269 763 Lorrgos
282 712 298 747 s
310 693 566 763 tergoflsmmarum
578 693 710 748 albescere
722 701 838 755 tractas,

103 764 184 816 niodo
197 762 273 815 laces
286 779 346 814 cunr
361 765 424 831 igne
436 770 513 814 casm
524 763 592 828 rapi.
628 764 685 814 lam
697 765 759 830 ipsa
777 761 905 824 fulmina,

103 834 157 885 ctsi
169 832 320 884 velocitate
332 835 410 894 mira,
420 831 503 882 simul
516 839 545 882 et
558 833 746 898 perstringunt
758 833 860 893 aciem,
877 838 905 883 et

105 904 263 966 roonittunt,
282 902 360 969 ignes
371 908 435 951 sunt
447 900 520 952 airis
533 900 609 962 triti,
629 907 657 951 et
672 904 777 967 impetu
789 903 864 954 inter
874 915 904 952 se

104 973 210 1023 nlaiore
223 971 321 1022 collisi.
355 970 381 1021 2.
395 968 460 1020 ldeo
473 984 507 1021 ue
516 969 652 1021 resistunt
664 970 784 1037 quidem,
796 969 845 1021 sed
859 985 904 1021 ex-

105 1041 194 1106 pressi
207 1040 308 1099 lluunt,
331 1045 359 1087 et
381 1038 646 1104 protinuspereunt.
682 1038 738 1088 Alii
748 1053 814 1089 reru
826 1039 904 1106 ignes
933 1099 934 1102 Ἴ

105 1110 151 1159 diu
162 1114 287 1158 nsanent:
308 1121 357 1157 nec
370 1112 435 1157 unte
451 1106 612 1168 discedunt,
633 1122 713 1172 quam
728 1114 903 1158 consumtum

105 1185 150 1230 cst
162 1191 256 1238 onroe,
277 1190 331 1242 quo
349 1175 542 1241 pascebantur,
559 1175 730 1227 alimentum.
766 1176 904 1228 liucloco

103 1253 169 1298 sunt
191 1245 240 1296 illa
259 1259 276 1294 a
296 1244 445 1296 Posidonio
461 1245 567 1309 scripta
587 1244 728 1304 miracula,
749 1245 904 1306 columnae,

104 1315 249 1383 clypeique
260 1312 425 1380 flagrantes,
440 1312 566 1379 aliaeque
578 1312 680 1380 insigni
692 1315 818 1365 novitate
830 1311 905 1365 llant-

102 1399 179 1439 mse:
200 1399 270 1450 quae
282 1399 336 1434 non
349 1384 525 1435 adverterent
537 1383 658 1445 animos,
677 1382 702 1433 si
714 1397 747 1433 ex
759 1390 905 1433 consuetu·

113 1455 170 1506 line
181 1459 210 1505 et
220 1453 283 1519 lege
294 1452 483 1504 decurrerent.
505 1449 530 1503 3.
542 1450 582 1503 nu
595 1449 663 1503 haee
672 1458 787 1517 stupent
800 1467 905 1514 oannes,

105 1538 174 1590 quae
184 1523 360 1588 repentinum
373 1521 568 1587 ignensenalto
581 1520 707 1581 efferunt,
719 1521 776 1572 sire
790 1521 905 1573 emicuit

104 1590 209 1658 aliquid
222 1597 250 1642 et
262 1591 347 1657 fugit,
367 1591 426 1641 sire
442 1604 601 1655 compresso
617 1592 682 1640 aere
693 1595 722 1641 et
735 1591 763 1640 in
775 1591 904 1642 ardorem

105 1667 221 1720 coacto,
242 1659 305 1710 loco
326 1659 455 1709 miraculi
472 1661 561 1711 stetit.
598 1657 671 1718 Quill
685 1658 770 1726 ergo!
786 1674 842 1710 non
858 1657 907 1711 uli·

105 1727 215 1797 quando
226 1729 325 1780 lacuna
337 1728 461 1779 cedentis
474 1734 551 1779 retro
563 1727 685 1779 aetheris
698 1729 803 1794 putuit,
819 1735 848 1780 et
862 1743 907 1778 ra·

105 1806 178 1919 stup:
196 1798 361 1901 inflconturo
384 1796 495 1852 lumeni
513 1797 679 1850 Exclamare
700 1813 810 1864 posses:
831 1797 905 1860 Quid

106 1874 150 1921 est
181 1881 228 1918 ua.

226 1963 252 1975 —-
268 1963 302 1974 —
312 1934 426 1986 medium
438 1935 513 1986 rideo
526 1935 657 1988 discedere
666 1937 775 1999 coelam,

148 2006 153 2010 '
228 2003 406 2072 Palantsspue
416 2006 479 2072 polo
494 2007 602 2057 stellas.-
613 2032 643 2041 -
657 2033 689 2042 -

106 2090 177 2143 queo
190 2073 339 2140 aliquando
357 2090 411 2124 non
428 2081 591 2139 exspectata
612 2081 694 2124 nocte
710 2073 863 2126 fulserunt.
878 2081 906 2125 et

106 2160 156 2211 per
166 2143 286 2195 medium
299 2148 450 2209 eruperunt
462 2142 544 2194 diem.
580 2144 605 2196 4.
627 2143 681 2196 Sed
698 2143 754 2193 aliu
770 2143 851 2193 lunius
867 2144 906 2194 rei

106 2214 180 2264 ratio
193 2219 249 2274 est,
269 2226 356 2277 quare
373 2212 464 2263 alieno
482 2219 608 2278 tempore
622 2220 758 2280 apparent
781 2214 808 2263 in
833 2216 907 2273 uir-e,

105 2295 173 2348 quas
187 2282 353 2340 scamellum
365 2280 493 2341 latentes,
505 2289 625 2333 cunstat.
662 2280 906 2333 Multosconretas

105 2364 158 2399 nun
171 2349 304 2409 ridemus,
315 2347 388 2413 quod
402 2349 588 2402 obscurantur
599 2350 685 2402 radiis
698 2351 782 2401 solis:
795 2367 850 2417 quo
862 2351 904 2401 de·

105 2418 223 2477 licionio,
234 2417 369 2481 quendam
383 2417 514 2469 cometen
526 2420 703 2486 apparuisse,
724 2434 804 2486 quem
817 2421 859 2471 sol
870 2418 908 2470 vi·

106 2485 183 2536 cinus
205 2486 361 2545 obtexerat,
382 2484 549 2540 Posidonius
566 2489 663 2541 tradit.
699 2489 787 2556 Saepe
814 2495 907 2540 autem

106 2558 189 2620 qrs'um
202 2552 303 2604 occidit
315 2554 376 2616 sol,
397 2556 487 2621 sparsi
503 2556 581 2623 ignes
597 2575 650 2610 nun
663 2561 762 2625 procul
775 2560 809 2611 ab
822 2575 855 2612 eo
868 2558 908 2609 ri·

106 2621 214 2674 cientur.
252 2621 393 2675 Videlicet
413 2627 475 2689 ipsa
490 2626 573 2677 stella
588 2628 649 2679 sole
667 2627 857 2694 perfunditur,
878 2632 908 2679 et

106 2692 169 2812 uffo
181 2689 289 2757 adsplcl
302 2706 356 2743 non
373 2699 481 2760 potest:
502 2709 599 2748 comae
616 2702 708 2748 autem
726 2699 822 2750 radios
839 2697 910 2748 solis

106 2761 251 2813 euiunt.

153 2775 231 2882 §XL
251 2827 348 2881 Placet
360 2845 426 2898 ergo
438 2833 556 2892 nostris,
577 2833 721 2896 Cometes,
739 2834 812 2886 sicut
825 2833 911 2895 laces,

87 2898 165 2950 sicut
177 2900 275 2967 tubas,
296 2901 464 2971 trabesque,
483 2905 514 2954 et
525 2901 700 2955 alienatenta
712 2903 801 2967 coeli,
823 2904 909 2954 denso

75 2968 149 3020 uere
159 2973 269 3030 creari.
308 2973 381 3032 ideo
405 2975 486 3031 circa
502 2972 908 3044 septemtrionemtremulentis·
