1912 3338
141 567 368 619 HERCULES
397 566 600 618 OETAEUS.
628 567 783 620 aculv.
817 568 868 619 325
909 571 910 574 ’

58 673 120 735 Quo
134 672 250 734 mnri0r;
263 676 324 722 atra
333 670 405 722 nube
416 669 589 722 inhorrescat
598 671 678 737 polan

59 741 148 793 obsta
160 739 308 793 novercae!
331 739 423 800 Nunc,
436 746 528 806 pater,
540 755 654 801 coecum
665 738 750 793 ehaoe
799 740 868 793 1135

57 810 145 863 Reddi
157 810 287 874 decebat3
298 807 360 860 liinc
372 817 399 861 et
410 808 473 860 hinc
485 810 663 878 compagibus

57 883 154 947 Ruptis
167 888 283 948 uterque
294 879 389 929 debuit
398 878 487 948 frangi
498 879 588 946 polus.

60 950 131 1013 Quid
143 950 234 1017 parcis
245 947 343 1000 astrui
362 948 511 1000 Herculem
523 950 638 1009 amittis,
650 960 738 1015 pater.

58 1020 137 1072 Nunc
150 1020 294 1086 partemin
306 1034 429 1081 omnem,
441 1020 557 1085 iupiter,
568 1025 665 1086 specta
675 1020 740 1085 poli,

57 1089 100 1140 Ne
113 1092 172 1157 quie
182 1091 260 1157 gigas
272 1087 435 1140 'Thessalica
446 1088 582 1140 iaculetur
591 1090 665 1185 luffa,
803 1087 871 1140 1140

59 1161 96 1210 Et
107 1159 156 1209 liat
168 1157 273 1224 Othryn
283 1159 391 1225 pondua
403 1158 543 1209 Encelado
555 1159 628 1210 leve.

60 1229 181 1280 Laxabit
192 1232 243 1278 atri
255 1229 373 1279 carceris
383 1229 493 1278 iamiam
504 1226 580 1279 iores

59 1299 160 1349 Pluton
173 1298 320 1364 superbum
330 1298 438 1349 vincula
449 1298 571 1349 excutiet
581 1301 662 1365 patri.

62 1368 227 1435 Coelumque
239 1366 344 1418 reddet.
381 1367 444 1423 llle.
458 1369 501 1434 qui
515 1382 564 1433 pro
576 1367 687 1418 fulmine

61 1439 183 1505 Tuisque
196 1435 301 1487 facibus
313 1443 394 1487 natus
405 1438 431 1487 in
442 1438 524 1487 terris
536 1451 620 1499 eram,
806 1438 874 1487 1145

61 1507 102 1558 Ad
113 1505 203 1573 Styga
213 1512 346 1558 revertor.
367 1505 468 1574 Surget
480 1506 635 1556 Enceladus
646 1505 735 1565 ferox,

61 1578 223 1645 ululetque,
236 1592 289 1644 quc
300 1591 372 1628 nune
383 1577 527 1642 premitur,
538 1577 565 1626 in
578 1574 700 1642 Superos
711 1590 787 1625 onus.

61 1648 186 1716 Regnum
198 1661 291 1710 unane,
303 1648 425 1713 genitor,
437 1644 557 1698 aetheria
568 1645 679 1696 dubium
689 1646 739 1696 tibi

62 1717 139 1768 Mora
150 1723 245 1767 nostra
256 1715 346 1767 faciet.
383 1719 534 1783 Antequam
546 1716 663 1783 spolium
674 1717 714 1767 tui

64 1787 177 1837 coelum
189 1802 269 1837 omne
281 1787 343 1848 liat,
356 1786 444 1838 eunde
456 1802 500 1837 me
511 1791 585 1847 tota,
597 1794 684 1853 pater,
809 1784 876 1835 1150

63 1856 160 1908 Mundi
170 1855 261 1907 ruinal
273 1856 382 1922 frange,
395 1871 476 1924 quem
488 1856 593 1923 perdia,
604 1856 709 1923 pulum!

66 1938 164 1976 cnon.
176 1925 238 1975 Non
250 1941 320 1975 vana
330 1927 424 1986 times,
435 1932 518 1990 gnate
531 1908 679 1976 Tonantis:

65 1997 123 2047 lam
135 1992 323 2043 'l'henaalicam
334 1993 429 2043 Pelion
443 1993 541 2043 Ossam

64 2066 190 2123 Premet,
202 2068 230 2111 et
241 2061 329 2111 Pindo
342 2067 489 2128 congestus
501 2059 586 2111 Athon

64 2133 170 2186 Nemus
181 2129 318 2181 aethereis
327 2131 431 2180 inseret
443 2131 532 2179 astris.

64 2202 168 2253 Vincet
178 2199 307 2266 scopulos
316 2199 380 2250 inde
392 2196 556 2265 Typhoeus,

65 2272 105 2323 Et
116 2267 290 2336 Tyrrhenam
302 2269 375 2320 feret
386 2269 535 2333 lnarimen;

67 2340 152 2393 Feret
162 2339 299 2390 Aetnaeos
309 2338 372 2390 inde
384 2340 507 2390 caminus

67 2409 234 2476 Scindetque
246 2409 317 2459 latus
328 2410 429 2459 mentia
441 2409 537 2475 aperti,

66 2479 195 2533 Nondum
207 2479 361 2530 Enceladus
372 2478 485 2529 fulmine
495 2480 592 2529 victus.
812 2480 879 2530 1110

68 2554 125 2602 lam
136 2556 164 2601 te
175 2549 246 2600 coeli
257 2550 336 2616 rigna
346 2555 503 2617 sequentur.

67 2634 170 2672 nanc.
181 2620 257 2686 Ege,
270 2621 315 2686 qui
326 2620 424 2670 relicta
434 2625 536 2678 morte,
549 2624 688 2670 cuntemta
700 2618 797 2689 Styge,

68 2691 124 2742 Per
135 2689 225 2739 media
235 2687 340 2739 Lethea
350 2694 448 2756 stagna
460 2704 520 2739 cum
531 2690 620 2756 spolio
633 2690 701 2750 redi,

70 2761 138 2812 Cum
149 2774 236 2826 paene
249 2758 364 2824 trepidis
374 2758 476 2809 excidit
487 2758 570 2809 Titan
581 2760 671 2827 equis3

67 2831 144 2897 Ego,
157 2844 236 2897 quem
249 2828 363 2879 deorum
374 2843 459 2896 regna
470 2837 614 2879 senserunt
624 2831 687 2888 tria,
814 2828 883 2880 1165

68 2899 191 2961 Marion
203 2914 254 2949 nec
266 2897 337 2948 ullus
348 2913 397 2965 per
407 2913 497 2950 meum
509 2898 608 2949 stridet
618 2899 690 2948 latua

72 2970 262 3035 Transmisqun
273 2969 360 3029 crisim
372 2966 445 3018 haud
456 2983 535 3020 meae
547 2969 636 3019 telum
644 2965 727 3018 necin

71 3036 173 3088 Saxum
184 3044 237 3099 est,
250 3054 300 3090 nec
311 3040 401 3091 instar
411 3041 516 3092 muntia
528 3040 752 3109 anruut'ssatua,

57 3107 116 3154 Aut
126 3111 201 3157 totus
213 3107 322 3176 Othrys
328 3128 338 3175 3
349 3127 409 3164 nun
422 3116 502 3167 truci
511 3115 593 3166 rictu
604 3114 694 3184 gigan
