1702 3300
204 467 491 519 urrrour‘rus.
512 431 616 519 aer.
635 469 674 519 rr.
790 470 840 520 ur

35 571 66 626 si
77 573 195 624 nobilem
208 574 325 624 animum
337 579 435 641 vegeta
446 572 558 625 libertas
569 574 624 623 alit.

35 644 220 694 Truculentus
233 649 260 694 et
271 643 395 694 silvester
406 649 434 694 et
443 646 515 693 ritae
526 642 637 705 inscius,

35 714 156 764 'Pristem
167 715 306 764 iuventam
317 712 424 765 Venere
435 710 545 763 deserta
556 712 630 763 colis.

36 784 100 835 Hoc
110 797 171 835 esse
183 798 280 833 munus
292 783 380 834 eredis
389 782 520 832 indictum
531 783 604 844 viris,

36 854 74 903 Ut
85 853 153 903 dum
163 853 295 914 tolerent,
308 853 431 903 cursibus
442 851 577 902 domitent
587 865 682 918 equos,
789 851 841 904 ⁴65

36 924 75 973 Et
84 937 167 973 saeva
177 921 249 973 bella
259 922 349 972 Marte
360 923 510 990 sanguineo
521 920 634 990 gerant!

36 991 162 1044 Providit
171 992 216 1042 ilie
227 992 360 1043 maximus
371 992 462 1041 muudi
474 1007 582 1058 parens,

37 1063 105 1112 Cum
116 1067 173 1112 tarn
184 1076 299 1127 rapaces
310 1071 435 1112 eemeret
445 1060 508 1111 Fati
519 1060 623 1122 manus,

37 1132 75 1182 Ut
86 1131 185 1182 damna
195 1146 304 1199 semper
313 1129 408 1181 sobole
421 1136 562 1197 repararet
573 1146 651 1180 nova.

37 1201 176 1262 Excedat,
188 1199 318 1268 agedum,
329 1201 411 1252 rebus
422 1198 546 1251 humanis
559 1197 660 1262 Venus,
790 1204 841 1252 410

39 1271 116 1332 Quae
127 1269 235 1337 suppiet
246 1284 279 1320 ae
291 1271 410 1320 restituit
421 1268 584 1322 exhaustum
596 1284 695 1338 genus:

39 1339 119 1390 Orbis
129 1339 231 1402 iacebit
241 1339 363 1407 squalido
373 1341 461 1406 turpis
471 1340 539 1402 situ;
642 1372 645 1378 -

38 1408 161 1460 Vacuum
173 1407 303 1460 sinendis
314 1409 445 1461 elassibus
456 1409 541 1460 stabit
551 1423 639 1473 mare3

39 1478 152 1546 diesque
164 1479 241 1529 coelo
254 1476 354 1540 deerit,
365 1485 394 1531 et
403 1479 475 1530 silvis
486 1478 555 1541 iera,

39 1548 107 1600 Sulis
119 1555 147 1600 et
158 1552 207 1599 uiir
217 1550 327 1616 pervius
337 1549 424 1600 ventis
437 1550 497 1599 erit.
787 1550 839 1600 415

39 1618 123 1679 Quem
135 1619 210 1669 varia
220 1617 267 1670 leti
279 1633 380 1687 genera
390 1618 533 1670 mortalem
544 1615 656 1669 trahunt

39 1689 211 1755 carpuntque
224 1686 344 1750 turbam,
357 1694 469 1756 pontus,
482 1695 510 1739 et
520 1687 635 1749 ferrum,
647 1693 675 1739 et
685 1685 753 1740 dum

39 1757 88 1808 Sed
101 1757 161 1808 iata
172 1757 268 1808 credas
280 1758 388 1810 deesse:
399 1760 438 1809 sic
450 1765 537 1808 atrum
549 1756 636 1825 Styge

38 1827 91 1878 iarn
102 1829 221 1894 petimus
233 1827 314 1877 ultro.
351 1826 487 1878 Coelibem
499 1829 580 1877 vitem
593 1826 692 1893 probet

39 1897 141 1949 Steriiis
150 1899 290 1948 iuventus:
302 1894 355 1947 hoc
366 1898 430 1958 erit,
442 1895 569 1964 quidquid
581 1893 670 1957 rides,
787 1897 839 1947 480

40 1968 120 2018 Unius
132 1968 192 2018 aevi
204 1965 298 2028 turba,
310 1972 339 2016 et
347 1967 374 2016 in
387 1973 474 2017 semet
482 1973 553 2017 ruet.

38 2036 153 2087 Proinde
165 2037 238 2087 vitae
249 2050 363 2103 sequere
373 2034 507 2087 Naturam
518 2033 627 2086 ducem:

38 2106 135 2158 Urbem
147 2104 305 2172 frequenta,
318 2106 415 2156 civium
428 2111 524 2157 coetus
536 2103 604 2155 cele.

36 2190 54 2225 u
64 2189 126 2227 rer.
138 2173 201 2226 Non
213 2174 267 2225 alia
277 2176 363 2245 magis
375 2181 416 2227 est
427 2175 514 2227 libera
524 2181 552 2227 et
559 2172 626 2224 vitio
638 2185 742 2238 cerens,

34 2244 535 2314 Ritusquemeliusvitaquaepriscos
548 2243 629 2305 eolat,
786 2245 836 2298 ’485

36 2316 124 2377 Quam
135 2329 205 2382 quae
215 2314 319 2365 relictis
330 2316 474 2367 moenibus·
482 2313 563 2365 silvas
574 2317 657 2364 amat.

34 2384 93 2436 Nun
104 2385 180 2435 ilium
192 2400 292 2435 avarae
303 2387 400 2436 mentis
411 2383 562 2436 inflammat
572 2383 657 2446 furor,

35 2456 83 2517 qui
97 2469 128 2505 se
140 2455 244 2505 dicavit
254 2456 386 2504 montium
396 2457 531 2506 insontem
542 2454 626 2522 iugis;

34 2525 91 2576 Non
104 2540 174 2575 eura
185 2523 278 2591 pepuli
290 2529 318 2574 et
329 2525 424 2594 vulgus
434 2523 547 2576 infidum
556 2523 645 2584 bonis,

34 2595 90 2646 Non
103 2595 235 2661 pestilens
244 2593 360 2657 invidia,
378 2610 432 2645 non
444 2594 547 2663 fragilis
559 2593 645 2645 favor.
783 2595 836 2646 490

33 2665 90 2716 Non
102 2664 148 2716 ille
160 2679 245 2733 regne
257 2667 355 2726 servit,
366 2670 427 2727 aut,
438 2680 468 2714 re
507 2666 683 2726 nimminens,

33 2735 125 2786 Vanus
136 2733 256 2785 honores
268 2736 403 2802 sequitur,
414 2741 462 2785 eut
492 2748 559 2785 uxas
570 2749 636 2800 opes

33 2802 94 2872 Spei
106 2812 252 2872 metusque
263 2803 339 2855 liber.
376 2803 456 2855 Haud
468 2804 542 2855 illum
553 2806 630 2872 niger

32 2875 163 2943 Edaxque
174 2873 261 2924 Livor
271 2874 352 2925 dente
363 2873 488 2944 degeneri
497 2875 583 2945 petit3

31 2943 603 3017 Neesceierapepulosinteratqueurbes
616 2949 675 3001 sita
810 2944 831 2994 d

19 3012 114 3072 llorr'q
122 3025 176 3058 nec
185 3023 278 3059 omnes
288 3017 418 3069 conscius
429 3023 575 3090 strepitus
587 3027 695 3092 paret,
